SYMBOL,QUOTE_DATE,BID,ASK,QUOTIM,QUOTEID,QUOTETIM_MS
EUR/USD,2019-05-02,1.1243,1.1248,00:00:07.694000,127391576,7694
EUR/USD,2019-05-02,1.1245,1.1246,00:00:36.639000,127391577,36639
EUR/USD,2019-05-02,1.1245,1.1246,00:00:25.308000,127391578,25308
EUR/USD,2019-05-02,1.1245,1.1246,00:00:30.251000,127391579,30251
EUR/USD,2019-05-02,1.1244,1.1248,00:00:09.717000,127391580,9717
EUR/USD,2019-05-02,1.1243,1.1247,00:00:48.337000,127391581,48337
EUR/USD,2019-05-02,1.1245,1.125,00:00:14.877000,127391582,14877
EUR/USD,2019-05-02,1.1242,1.1247,00:00:40.477000,127391583,40477
EUR/USD,2019-05-02,1.1243,1.1247,00:00:47.914000,127391584,47914
EUR/USD,2019-05-02,1.1243,1.1247,00:00:00.697000,127391585,697
EUR/USD,2019-05-02,1.1242,1.1247,00:00:47.514000,127391586,47514
EUR/USD,2019-05-02,1.1245,1.1246,00:00:00.179000,127391587,179
EUR/USD,2019-05-02,1.1243,1.1245,00:01:05.512000,127391588,65512
EUR/USD,2019-05-02,1.1243,1.1248,00:00:58.508000,127391589,58508
EUR/USD,2019-05-02,1.1243,1.1248,00:00:32.214000,127391590,32214
EUR/USD,2019-05-02,1.1243,1.1245,00:00:46.999000,127391591,45999
EUR/USD,2019-05-02,1.1244,1.1245,00:00:46.430000,127391593,46430
EUR/USD,2019-05-02,1.1243,1.1245,00:00:44.496000,127391594,44496
EUR/USD,2019-05-02,1.1243,1.1248,00:00:23.111000,127391595,23111
EUR/USD,2019-05-02,1.1244,1.1248,00:00:18.133000,127391596,18133
EUR/USD,2019-05-02,1.1242,1.1247,00:00:43.234000,127391597,43234
EUR/USD,2019-05-02,1.1244,1.1248,00:00:05.731000,127391598,5731
EUR/USD,2019-05-02,1.1245,1.1246,00:00:28.712000,127391599,28712
EUR/USD,2019-05-02,1.1243,1.1247,00:00:29.743000,127391600,29743
EUR/USD,2019-05-02,1.1244,1.1249,00:00:10.784000,127391601,10784
EUR/USD,2019-05-02,1.1242,1.1247,00:01:00.626000,127391602,60626
EUR/USD,2019-05-02,1.1244,1.1247,00:00:11.199000,127391603,11199
EUR/USD,2019-05-02,1.1244,1.1249,00:00:04.632000,127391604,4632
EUR/USD,2019-05-02,1.1245,1.1246,00:01:00.141000,127391605,60141
EUR/USD,2019-05-02,1.1244,1.1245,00:01:01.647000,127391606,61647
EUR/USD,2019-05-02,1.1243,1.1248,00:00:08.657000,127391607,8657
EUR/USD,2019-05-02,1.1243,1.1247,00:00:45.897000,127391608,45897
EUR/USD,2019-05-02,1.1245,1.125,00:00:15.963000,127391609,15963
EUR/USD,2019-05-02,1.1243,1.1248,00:00:21.880000,127391610,21880
EUR/USD,2019-05-02,1.1242,1.1247,00:01:02.663000,127391611,62663
EUR/USD,2019-05-02,1.1243,1.1248,00:00:01.462000,127391612,1462
EUR/USD,2019-05-02,1.1243,1.1247,00:01:03.898000,127391613,63898
EUR/USD,2019-05-02,1.1245,1.1247,00:00:06.763000,127391614,6763
EUR/USD,2019-05-02,1.1242,1.1247,00:00:42.413000,127391615,42413
EUR/USD,2019-05-02,1.1243,1.1245,00:01:04.014000,127391616,64014
EUR/USD,2019-05-02,1.1243,1.1247,00:00:40.943000,127391617,40943
EUR/USD,2019-05-02,1.1244,1.1249,00:00:18.884000,127391619,18884
EUR/USD,2019-05-02,1.1243,1.1247,00:00:03.931000,127391620,3931
EUR/USD,2019-05-02,1.1244,1.1249,00:00:16.792000,127391621,16792
EUR/USD,2019-05-02,1.1244,1.1247,00:00:30.991000,127391622,30991
EUR/USD,2019-05-02,1.1243,1.1247,00:00:56.885000,127391623,56885
EUR/USD,2019-05-02,1.1243,1.1247,00:00:39.810000,127391624,39810
EUR/USD,2019-05-02,1.1243,1.1248,00:00:06.664000,127391625,6664
EUR/USD,2019-05-02,1.1243,1.1248,00:00:04.709000,127391626,4709
EUR/USD,2019-05-02,1.1243,1.1248,00:00:59.590000,127391627,59590
EUR/USD,2019-05-02,1.1242,1.1247,00:00:46.365000,127391628,46365
EUR/USD,2019-05-02,1.1244,1.1246,00:00:36.712000,127391629,36712
EUR/USD,2019-05-02,1.1242,1.1247,00:00:31.244000,127391630,31244
EUR/USD,2019-05-02,1.1244,1.1247,00:00:23.220000,127391631,23220
EUR/USD,2019-05-02,1.1245,1.1246,00:00:22.076000,127391632,22076
EUR/USD,2019-05-02,1.1244,1.1246,00:00:03.170000,127391633,3170
EUR/USD,2019-05-02,1.1244,1.1246,00:00:43.157000,127391634,43157
EUR/USD,2019-05-02,1.1243,1.1246,00:01:04.328000,127391636,64328
EUR/USD,2019-05-02,1.1244,1.1249,00:00:20.697000,127391637,20697
EUR/USD,2019-05-02,1.1244,1.1248,00:00:12.712000,127391638,12712
EUR/USD,2019-05-02,1.1243,1.1248,00:00:10.711000,127391639,10711
EUR/USD,2019-05-02,1.1244,1.1246,00:00:23.493000,127391640,23493
EUR/USD,2019-05-02,1.1244,1.1246,00:00:06.196000,127391641,6196
EUR/USD,2019-05-02,1.1241,1.1246,00:00:45.423000,127391642,45423
EUR/USD,2019-05-02,1.1243,1.1247,00:00:38.793000,127391643,38793
EUR/USD,2019-05-02,1.1244,1.1248,00:00:17.724000,127391644,17724
EUR/USD,2019-05-02,1.1243,1.1247,00:00:46.893000,127391645,46893
EUR/USD,2019-05-02,1.1246,1.1247,00:00:13.383000,127391646,13383
EUR/USD,2019-05-02,1.1243,1.1247,00:00:22.742000,127391647,22742
EUR/USD,2019-05-02,1.1242,1.1247,00:00:50.711000,127391648,50711
EUR/USD,2019-05-02,1.1242,1.1247,00:00:45.710000,127391649,45710
EUR/USD,2019-05-02,1.1243,1.1247,00:01:01.891000,127391650,61891
EUR/USD,2019-05-02,1.1242,1.1247,00:01:02.709000,127391651,62709
EUR/USD,2019-05-02,1.1242,1.1247,00:00:48.437000,127391652,48437
EUR/USD,2019-05-02,1.1244,1.1245,00:00:31.617000,127391653,31617
EUR/USD,2019-05-02,1.1243,1.1247,00:00:21.733000,127391654,21733
EUR/USD,2019-05-02,1.1243,1.1248,00:00:24.112000,127391655,24112
EUR/USD,2019-05-02,1.1242,1.1247,00:01:03.583000,127391656,63583
EUR/USD,2019-05-02,1.1244,1.1249,00:00:17.941000,127391657,17941
EUR/USD,2019-05-02,1.1243,1.1245,00:00:32.193000,127391658,32193
EUR/USD,2019-05-02,1.1244,1.1245,00:01:01.591000,127391659,61591
EUR/USD,2019-05-02,1.1243,1.1248,00:00:02.611000,127391660,2611
EUR/USD,2019-05-02,1.1246,1.1247,00:00:15.712000,127391661,15712
EUR/USD,2019-05-02,1.1243,1.1245,00:01:05.704000,127391662,65704
EUR/USD,2019-05-02,1.1244,1.1246,00:01:03.028000,127391663,63028
EUR/USD,2019-05-02,1.1243,1.1247,00:00:58.884000,127391664,58884
EUR/USD,2019-05-02,1.1243,1.1247,00:00:57.882000,127391665,57882
EUR/USD,2019-05-02,1.1245,1.1246,00:00:23.978000,127391666,23978
EUR/USD,2019-05-02,1.1245,1.1248,00:00:13.299000,127391667,13299
EUR/USD,2019-05-02,1.1244,1.1246,00:00:32.886000,127391669,32886
EUR/USD,2019-05-02,1.1244,1.1249,00:00:11.812000,127391670,11812
EUR/USD,2019-05-02,1.1245,1.1246,00:00:57.178000,127391671,57178
EUR/USD,2019-05-02,1.1243,1.1248,00:01:16.883000,127391672,76883
EUR/USD,2019-05-02,1.1243,1.1245,00:01:11.708000,127391673,71708
EUR/USD,2019-05-02,1.1242,1.1247,00:01:15.725000,127391674,75725
EUR/USD,2019-05-02,1.1243,1.1247,00:01:13.893000,127391675,73893
EUR/USD,2019-05-02,1.1243,1.1247,00:01:14.883000,127391676,74883
EUR/USD,2019-05-02,1.1243,1.1245,00:01:18.451000,127391677,78451
EUR/USD,2019-05-02,1.1242,1.1247,00:01:18.790000,127391678,78790
EUR/USD,2019-05-02,1.1246,1.1247,00:01:18.501000,127391679,78501
EUR/USD,2019-05-02,1.1242,1.1247,00:01:14.806000,127391680,74806
EUR/USD,2019-05-02,1.1243,1.1248,00:01:11.744000,127391681,71744
EUR/USD,2019-05-02,1.1242,1.1247,00:01:20.009000,127391682,80009
EUR/USD,2019-05-02,1.1242,1.1247,00:01:15.884000,127391683,75884
EUR/USD,2019-05-02,1.1243,1.1248,00:01:17.818000,127391684,77818
EUR/USD,2019-05-02,1.1243,1.1248,00:01:12.779000,127391685,72779
EUR/USD,2019-05-02,1.1244,1.1248,00:01:18.086000,127391686,78086
EUR/USD,2019-05-02,1.1243,1.1247,00:01:17.887000,127391687,77887
EUR/USD,2019-05-02,1.1243,1.1247,00:01:18.704000,127391688,78704
EUR/USD,2019-05-02,1.1245,1.1246,00:01:11.588000,127391689,71588
EUR/USD,2019-05-02,1.1243,1.1245,00:01:15.055000,127391690,75055
EUR/USD,2019-05-02,1.1243,1.1247,00:01:10.977000,127391691,70977
EUR/USD,2019-05-02,1.1244,1.1246,00:01:13.909000,127391692,73909
EUR/USD,2019-05-02,1.1244,1.1249,00:01:29.165000,127391693,89165
EUR/USD,2019-05-02,1.1243,1.1245,00:01:23.127000,127391694,83127
EUR/USD,2019-05-02,1.1244,1.1245,00:01:22.477000,127391695,82477
EUR/USD,2019-05-02,1.1243,1.1248,00:01:26.985000,127391696,86985
EUR/USD,2019-05-02,1.1244,1.1247,00:01:24.083000,127391697,84083
EUR/USD,2019-05-02,1.1245,1.1247,00:01:26.115000,127391698,86115
EUR/USD,2019-05-02,1.1242,1.1247,00:01:20.947000,127391699,80947
EUR/USD,2019-05-02,1.1244,1.1249,00:01:30.165000,127391700,90165
EUR/USD,2019-05-02,1.1245,1.1246,00:01:22.971000,127391701,82971
EUR/USD,2019-05-02,1.1245,1.1246,00:01:27.590000,127391702,87590
EUR/USD,2019-05-02,1.1243,1.1248,00:01:28.095000,127391703,88095
EUR/USD,2019-05-02,1.1242,1.1247,00:01:24.996000,127391704,84996
EUR/USD,2019-05-02,1.1244,1.1248,00:01:26.890000,127391705,86890
EUR/USD,2019-05-02,1.1243,1.1245,00:01:24.711000,127391706,84711
EUR/USD,2019-05-02,1.1245,1.1246,00:01:37.480000,127391707,97480
EUR/USD,2019-05-02,1.1244,1.1246,00:01:33.044000,127391708,93044
EUR/USD,2019-05-02,1.1246,1.1247,00:01:32.566000,127391709,92566
EUR/USD,2019-05-02,1.1245,1.1246,00:01:40.713000,127391710,100713
EUR/USD,2019-05-02,1.1244,1.1249,00:01:31.135000,127391711,91135
EUR/USD,2019-05-02,1.1244,1.1249,00:01:31.709000,127391712,91709
EUR/USD,2019-05-02,1.1245,1.1248,00:01:51.303000,127391713,111303
EUR/USD,2019-05-02,1.1244,1.1248,00:01:50.956000,127391714,110956
EUR/USD,2019-05-02,1.1245,1.1246,00:01:42.214000,127391715,102214
EUR/USD,2019-05-02,1.1244,1.1248,00:01:45.915000,127391716,105915
EUR/USD,2019-05-02,1.1244,1.1248,00:01:48.916000,127391717,108916
EUR/USD,2019-05-02,1.1244,1.1249,00:01:47.368000,127391718,107368
EUR/USD,2019-05-02,1.1245,1.125,00:01:46.340000,127391719,106340
EUR/USD,2019-05-02,1.1244,1.1246,00:01:42.931000,127391720,102931
EUR/USD,2019-05-02,1.1244,1.1248,00:01:50.714000,127391721,110714
EUR/USD,2019-05-02,1.1244,1.1248,00:01:49.902000,127391722,109902
EUR/USD,2019-05-02,1.1244,1.1248,00:01:43.908000,127391723,103908
EUR/USD,2019-05-02,1.1244,1.1247,00:01:44.212000,127391724,104212
EUR/USD,2019-05-02,1.1244,1.1248,00:01:42.905000,127391725,102905
EUR/USD,2019-05-02,1.1244,1.1248,00:01:48.250000,127391726,108250
EUR/USD,2019-05-02,1.1243,1.1248,00:01:57.578000,127391727,117578
EUR/USD,2019-05-02,1.1243,1.1248,00:01:56.386000,127391728,116386
EUR/USD,2019-05-02,1.1244,1.1248,00:01:59.936000,127391729,119936
EUR/USD,2019-05-02,1.1243,1.1248,00:01:59.591000,127391730,119591
EUR/USD,2019-05-02,1.1244,1.1248,00:01:53.918000,127391731,113918
EUR/USD,2019-05-02,1.1245,1.125,00:02:01.629000,127391732,121629
EUR/USD,2019-05-02,1.1244,1.1248,00:01:52.917000,127391733,112917
EUR/USD,2019-05-02,1.1244,1.1248,00:01:56.713000,127391734,116713
EUR/USD,2019-05-02,1.1244,1.1248,00:01:58.929000,127391735,118929
EUR/USD,2019-05-02,1.1246,1.1247,00:02:00.395000,127391736,120395
EUR/USD,2019-05-02,1.1244,1.1249,00:02:00.508000,127391737,120508
EUR/USD,2019-05-02,1.1244,1.1248,00:01:55.927000,127391738,115927
EUR/USD,2019-05-02,1.1244,1.1248,00:02:00.973000,127391739,120973
EUR/USD,2019-05-02,1.1244,1.1248,00:01:58.302000,127391740,118302
EUR/USD,2019-05-02,1.1244,1.1248,00:01:54.924000,127391741,114924
EUR/USD,2019-05-02,1.1244,1.1249,00:01:58.481000,127391742,118481
EUR/USD,2019-05-02,1.1247,1.1248,00:02:03.716000,127391743,123716
EUR/USD,2019-05-02,1.1245,1.1246,00:02:07.630000,127391744,127630
EUR/USD,2019-05-02,1.1244,1.1249,00:02:06.808000,127391745,126808
EUR/USD,2019-05-02,1.1247,1.1248,00:02:01.887000,127391746,121887
EUR/USD,2019-05-02,1.1245,1.125,00:02:07.668000,127391747,127668
EUR/USD,2019-05-02,1.1244,1.1249,00:02:04.791000,127391748,124791
EUR/USD,2019-05-02,1.1245,1.125,00:02:03.609000,127391749,123609
EUR/USD,2019-05-02,1.1245,1.125,00:02:08.770000,127391750,128770
EUR/USD,2019-05-02,1.1244,1.1246,00:02:03.148000,127391751,123148
EUR/USD,2019-05-02,1.1245,1.125,00:02:05.756000,127391752,125756
EUR/USD,2019-05-02,1.1246,1.1247,00:02:07.150000,127391753,127150
EUR/USD,2019-05-02,1.1244,1.1249,00:02:02.885000,127391754,122885
EUR/USD,2019-05-02,1.1244,1.1249,00:02:07.567000,127391755,127567
EUR/USD,2019-05-02,1.1244,1.1248,00:02:05.325000,127391756,125325
EUR/USD,2019-05-02,1.1244,1.1249,00:02:11.692000,127391757,131692
EUR/USD,2019-05-02,1.1244,1.1249,00:02:09.669000,127391758,129669
EUR/USD,2019-05-02,1.1244,1.1249,00:02:11.591000,127391759,131591
EUR/USD,2019-05-02,1.1244,1.1249,00:02:13.716000,127391760,133716
EUR/USD,2019-05-02,1.1244,1.1246,00:02:16.999000,127391761,135999
EUR/USD,2019-05-02,1.1244,1.1248,00:02:18.711000,127391762,138711
EUR/USD,2019-05-02,1.1245,1.1247,00:02:14.271000,127391763,134271
EUR/USD,2019-05-02,1.1244,1.1248,00:02:20.458000,127391764,140458
EUR/USD,2019-05-02,1.1244,1.1248,00:02:22.499000,127391765,142499
EUR/USD,2019-05-02,1.1244,1.1248,00:02:15.482000,127391766,135482
EUR/USD,2019-05-02,1.1243,1.1248,00:02:21.970000,127391767,141970
EUR/USD,2019-05-02,1.1244,1.1248,00:02:16.481000,127391768,136481
EUR/USD,2019-05-02,1.1244,1.1248,00:02:25.464000,127391769,145464
EUR/USD,2019-05-02,1.1245,1.1248,00:02:29.567000,127391770,149567
EUR/USD,2019-05-02,1.1243,1.1245,00:02:24.714000,127391771,144714
EUR/USD,2019-05-02,1.1245,1.1246,00:02:29.716000,127391772,149716
EUR/USD,2019-05-02,1.1245,1.1246,00:02:28.081000,127391773,148081
EUR/USD,2019-05-02,1.1246,1.1247,00:02:30.392000,127391774,150392
EUR/USD,2019-05-02,1.1245,1.1246,00:02:24.528000,127391775,144528
EUR/USD,2019-05-02,1.1245,1.1246,00:02:23.817000,127391776,143817
EUR/USD,2019-05-02,1.1244,1.1249,00:02:26.782000,127391777,146782
EUR/USD,2019-05-02,1.1244,1.1249,00:02:22.884000,127391778,142884
EUR/USD,2019-05-02,1.1244,1.1248,00:02:32.597000,127391779,152597
EUR/USD,2019-05-02,1.1243,1.1248,00:02:25.962000,127391780,145962
EUR/USD,2019-05-02,1.1244,1.1248,00:02:29.493000,127391781,149493
EUR/USD,2019-05-02,1.1244,1.1248,00:02:30.467000,127391782,150467
EUR/USD,2019-05-02,1.1244,1.1246,00:02:23.501000,127391783,143501
EUR/USD,2019-05-02,1.1246,1.1247,00:02:29.640000,127391784,149640
EUR/USD,2019-05-02,1.1245,1.1249,00:02:31.479000,127391785,151479
EUR/USD,2019-05-02,1.1243,1.1245,00:02:22.978000,127391786,142978
EUR/USD,2019-05-02,1.1244,1.1248,00:02:28.496000,127391787,148496
EUR/USD,2019-05-02,1.1244,1.1248,00:02:23.458000,127391788,143458
EUR/USD,2019-05-02,1.1243,1.1248,00:02:35.003000,127391789,155003
EUR/USD,2019-05-02,1.1245,1.1247,00:02:37.006000,127391790,157006
EUR/USD,2019-05-02,1.1244,1.1248,00:02:34.821000,127391791,154821
EUR/USD,2019-05-02,1.1243,1.1248,00:02:41.099000,127391792,161099
EUR/USD,2019-05-02,1.1244,1.1246,00:02:35.347000,127391793,155347
EUR/USD,2019-05-02,1.1244,1.1249,00:02:42.420000,127391794,162420
EUR/USD,2019-05-02,1.1243,1.1248,00:02:37.183000,127391795,157183
EUR/USD,2019-05-02,1.1243,1.1248,00:02:39.122000,127391796,159122
EUR/USD,2019-05-02,1.1244,1.1249,00:02:40.237000,127391797,160237
EUR/USD,2019-05-02,1.1244,1.1248,00:02:33.489000,127391798,153489
EUR/USD,2019-05-02,1.1243,1.1248,00:02:42.717000,127391799,162717
EUR/USD,2019-05-02,1.1246,1.1247,00:02:40.644000,127391800,160644
EUR/USD,2019-05-02,1.1245,1.1247,00:02:33.136000,127391801,153136
EUR/USD,2019-05-02,1.1244,1.1248,00:02:35.718000,127391802,155718
EUR/USD,2019-05-02,1.1244,1.1249,00:02:36.153000,127391803,156153
EUR/USD,2019-05-02,1.1244,1.1248,00:02:39.736000,127391804,159736
EUR/USD,2019-05-02,1.1245,1.1246,00:02:35.579000,127391805,155579
EUR/USD,2019-05-02,1.1244,1.1249,00:02:38.195000,127391806,158195
EUR/USD,2019-05-02,1.1244,1.1249,00:02:48.256000,127391807,168256
EUR/USD,2019-05-02,1.1244,1.1249,00:02:50.530000,127391808,170530
EUR/USD,2019-05-02,1.1243,1.1248,00:02:47.223000,127391809,167223
EUR/USD,2019-05-02,1.1244,1.1246,00:02:43.149000,127391810,163149
EUR/USD,2019-05-02,1.1244,1.1249,00:02:49.715000,127391811,169715
EUR/USD,2019-05-02,1.1243,1.1248,00:02:49.302000,127391812,169302
EUR/USD,2019-05-02,1.1244,1.1249,00:02:44.340000,127391813,164340
EUR/USD,2019-05-02,1.1244,1.1248,00:02:51.503000,127391814,171503
EUR/USD,2019-05-02,1.1245,1.125,00:02:52.351000,127391815,172351
EUR/USD,2019-05-02,1.1243,1.1248,00:02:45.191000,127391816,165191
EUR/USD,2019-05-02,1.1244,1.1249,00:02:46.343000,127391817,166343
EUR/USD,2019-05-02,1.1246,1.1247,00:02:43.423000,127391818,163423
EUR/USD,2019-05-02,1.1243,1.1248,00:02:43.201000,127391819,163201
EUR/USD,2019-05-02,1.1245,1.1249,00:02:52.506000,127391820,172506
EUR/USD,2019-05-02,1.1243,1.1248,00:02:51.190000,127391821,171190
EUR/USD,2019-05-02,1.1245,1.1246,00:02:45.419000,127391822,165419
EUR/USD,2019-05-02,1.1245,1.125,00:03:02.471000,127391823,182471
EUR/USD,2019-05-02,1.1246,1.1247,00:03:02.718000,127391824,182718
EUR/USD,2019-05-02,1.1244,1.1249,00:02:58.465000,127391825,178465
EUR/USD,2019-05-02,1.1245,1.1248,00:02:55.795000,127391826,175795
EUR/USD,2019-05-02,1.1245,1.1249,00:02:55.660000,127391827,175660
EUR/USD,2019-05-02,1.1244,1.1249,00:02:57.432000,127391828,177432
EUR/USD,2019-05-02,1.1244,1.1249,00:02:53.514000,127391829,173514
EUR/USD,2019-05-02,1.1244,1.1249,00:02:55.706000,127391830,175706
EUR/USD,2019-05-02,1.1245,1.125,00:02:56.475000,127391831,176475
EUR/USD,2019-05-02,1.1246,1.1247,00:03:00.551000,127391832,180551
EUR/USD,2019-05-02,1.1245,1.1249,00:02:55.239000,127391833,175239
EUR/USD,2019-05-02,1.1244,1.1249,00:02:59.420000,127391834,179420
EUR/USD,2019-05-02,1.1244,1.1249,00:02:55.392000,127391835,175392
EUR/USD,2019-05-02,1.1245,1.125,00:02:54.475000,127391836,174475
EUR/USD,2019-05-02,1.1246,1.1247,00:03:00.244000,127391837,180244
EUR/USD,2019-05-02,1.1245,1.1247,00:02:53.126000,127391838,173126
EUR/USD,2019-05-02,1.1245,1.125,00:02:58.362000,127391839,178362
EUR/USD,2019-05-02,1.1244,1.1249,00:03:12.709000,127391840,192709
EUR/USD,2019-05-02,1.1246,1.1247,00:03:10.514000,127391841,190514
EUR/USD,2019-05-02,1.1247,1.1248,00:03:05.694000,127391842,185694
EUR/USD,2019-05-02,1.1244,1.1249,00:03:08.753000,127391843,188753
EUR/USD,2019-05-02,1.1244,1.1249,00:03:12.514000,127391844,192514
EUR/USD,2019-05-02,1.1244,1.1249,00:03:09.614000,127391845,189614
EUR/USD,2019-05-02,1.1245,1.125,00:03:04.530000,127391846,184530
EUR/USD,2019-05-02,1.1245,1.1249,00:03:08.607000,127391847,188607
EUR/USD,2019-05-02,1.1245,1.125,00:03:07.824000,127391848,187824
EUR/USD,2019-05-02,1.1244,1.1249,00:03:10.789000,127391849,190789
EUR/USD,2019-05-02,1.1244,1.1249,00:03:06.570000,127391850,186570
EUR/USD,2019-05-02,1.1246,1.1247,00:03:23.016000,127391851,203016
EUR/USD,2019-05-02,1.1246,1.1247,00:03:21.209000,127391852,201209
EUR/USD,2019-05-02,1.1245,1.125,00:03:21.894000,127391853,201894
EUR/USD,2019-05-02,1.1245,1.125,00:03:23.890000,127391854,203890
EUR/USD,2019-05-02,1.1245,1.1249,00:03:19.669000,127391855,199669
EUR/USD,2019-05-02,1.1244,1.1248,00:03:22.683000,127391856,202683
EUR/USD,2019-05-02,1.1247,1.1248,00:03:19.965000,127391857,199965
EUR/USD,2019-05-02,1.1244,1.1248,00:03:31.691000,127391858,211691
EUR/USD,2019-05-02,1.1244,1.1248,00:03:24.660000,127391859,204660
EUR/USD,2019-05-02,1.1245,1.125,00:03:24.804000,127391860,204804
EUR/USD,2019-05-02,1.1246,1.1247,00:03:24.962000,127391861,204962
EUR/USD,2019-05-02,1.1243,1.1248,00:03:26.902000,127391862,206902
EUR/USD,2019-05-02,1.1245,1.1247,00:03:33.054000,127391863,213054
EUR/USD,2019-05-02,1.1244,1.1249,00:03:25.973000,127391864,205973
EUR/USD,2019-05-02,1.1244,1.1248,00:03:27.674000,127391865,207674
EUR/USD,2019-05-02,1.1244,1.1249,00:03:32.986000,127391866,212986
EUR/USD,2019-05-02,1.1244,1.1249,00:03:31.717000,127391867,211717
EUR/USD,2019-05-02,1.1243,1.1248,00:03:28.947000,127391868,208947
EUR/USD,2019-05-02,1.1244,1.1248,00:03:33.681000,127391869,213681
EUR/USD,2019-05-02,1.1244,1.1249,00:03:27.924000,127391870,207924
EUR/USD,2019-05-02,1.1245,1.1248,00:03:25.265000,127391871,205265
EUR/USD,2019-05-02,1.1244,1.1248,00:03:25.662000,127391872,205662
EUR/USD,2019-05-02,1.1243,1.1248,00:03:30.950000,127391873,210950
EUR/USD,2019-05-02,1.1244,1.1248,00:03:32.681000,127391874,212681
EUR/USD,2019-05-02,1.1244,1.1246,00:03:25.403000,127391875,205403
EUR/USD,2019-05-02,1.1244,1.1249,00:03:29.911000,127391876,209911
EUR/USD,2019-05-02,1.1244,1.1248,00:03:25.201000,127391877,205201
EUR/USD,2019-05-02,1.1245,1.1246,00:03:29.885000,127391878,209885
EUR/USD,2019-05-02,1.1244,1.1249,00:03:32.002000,127391879,212002
EUR/USD,2019-05-02,1.1246,1.1247,00:03:30.664000,127391880,210664
EUR/USD,2019-05-02,1.1244,1.1248,00:03:36.701000,127391881,216701
EUR/USD,2019-05-02,1.1246,1.1247,00:03:34.610000,127391882,214610
EUR/USD,2019-05-02,1.1244,1.1249,00:03:35.055000,127391883,215055
EUR/USD,2019-05-02,1.1244,1.1249,00:03:34.194000,127391884,214194
EUR/USD,2019-05-02,1.1245,1.125,00:03:40.302000,127391885,220302
EUR/USD,2019-05-02,1.1244,1.1249,00:03:37.213000,127391886,217213
EUR/USD,2019-05-02,1.1244,1.1249,00:03:43.386000,127391887,223386
EUR/USD,2019-05-02,1.1244,1.1249,00:03:36.719000,127391888,216719
EUR/USD,2019-05-02,1.1245,1.125,00:03:36.287000,127391889,216287
EUR/USD,2019-05-02,1.1245,1.125,00:03:42.368000,127391890,222368
EUR/USD,2019-05-02,1.1245,1.125,00:03:38.284000,127391891,218284
EUR/USD,2019-05-02,1.1244,1.1249,00:03:39.095000,127391892,219095
EUR/USD,2019-05-02,1.1244,1.1249,00:03:41.275000,127391893,221275
EUR/USD,2019-05-02,1.1244,1.1248,00:03:34.972000,127391894,214972
EUR/USD,2019-05-02,1.1246,1.1248,00:03:43.158000,127391895,223158
EUR/USD,2019-05-02,1.1247,1.1248,00:03:40.934000,127391896,220934
EUR/USD,2019-05-02,1.1245,1.125,00:03:44.504000,127391897,224504
EUR/USD,2019-05-02,1.1244,1.1249,00:03:43.718000,127391898,223718
EUR/USD,2019-05-02,1.1245,1.125,00:03:52.535000,127391899,232535
EUR/USD,2019-05-02,1.1244,1.1249,00:03:46.394000,127391900,226394
EUR/USD,2019-05-02,1.1244,1.1249,00:03:54.661000,127391901,234661
EUR/USD,2019-05-02,1.1246,1.1247,00:03:50.647000,127391902,230647
EUR/USD,2019-05-02,1.1246,1.1248,00:03:45.166000,127391903,225166
EUR/USD,2019-05-02,1.1244,1.1249,00:03:50.446000,127391904,230446
EUR/USD,2019-05-02,1.1244,1.1249,00:03:47.410000,127391905,227410
EUR/USD,2019-05-02,1.1244,1.1249,00:03:49.706000,127391906,229706
EUR/USD,2019-05-02,1.1245,1.1249,00:03:44.710000,127391907,224710
EUR/USD,2019-05-02,1.1244,1.1249,00:03:45.325000,127391908,225325
EUR/USD,2019-05-02,1.1246,1.1247,00:04:00.585000,127391909,240585
EUR/USD,2019-05-02,1.1245,1.125,00:04:00.667000,127391910,240667
EUR/USD,2019-05-02,1.1245,1.1247,00:03:55.531000,127391911,235531
EUR/USD,2019-05-02,1.1246,1.1247,00:04:04.515000,127391912,244515
EUR/USD,2019-05-02,1.1245,1.125,00:03:55.721000,127391913,235721
EUR/USD,2019-05-02,1.1245,1.125,00:04:02.624000,127391914,242624
EUR/USD,2019-05-02,1.1244,1.1249,00:04:03.726000,127391915,243726
EUR/USD,2019-05-02,1.1245,1.1249,00:03:55.315000,127391916,235315
EUR/USD,2019-05-02,1.1246,1.1247,00:04:00.197000,127391917,240197
EUR/USD,2019-05-02,1.1246,1.1247,00:03:58.090000,127391918,238090
EUR/USD,2019-05-02,1.1244,1.1249,00:03:56.505000,127391919,236505
EUR/USD,2019-05-02,1.1247,1.1248,00:03:55.611000,127391920,235611
EUR/USD,2019-05-02,1.1246,1.1247,00:04:12.469000,127391921,252469
EUR/USD,2019-05-02,1.1247,1.1248,00:04:06.088000,127391922,246088
EUR/USD,2019-05-02,1.1244,1.1249,00:04:07.890000,127391923,247890
EUR/USD,2019-05-02,1.1245,1.125,00:04:08.721000,127391924,248721
EUR/USD,2019-05-02,1.1245,1.125,00:04:12.826000,127391925,252826
EUR/USD,2019-05-02,1.1245,1.125,00:04:13.714000,127391926,253714
EUR/USD,2019-05-02,1.1246,1.1247,00:04:10.579000,127391927,250579
EUR/USD,2019-05-02,1.1244,1.1249,00:04:15.044000,127391928,255044
EUR/USD,2019-05-02,1.1244,1.1249,00:04:09.723000,127391929,249723
EUR/USD,2019-05-02,1.1245,1.125,00:04:05.826000,127391930,245826
EUR/USD,2019-05-02,1.1244,1.1249,00:04:08.656000,127391931,248656
EUR/USD,2019-05-02,1.1245,1.125,00:04:11.806000,127391932,251806
EUR/USD,2019-05-02,1.1245,1.125,00:04:06.892000,127391933,246892
EUR/USD,2019-05-02,1.1244,1.1249,00:04:19.718000,127391934,259718
EUR/USD,2019-05-02,1.1245,1.125,00:04:25.095000,127391935,265095
EUR/USD,2019-05-02,1.1245,1.1248,00:04:25.927000,127391936,265927
EUR/USD,2019-05-02,1.1246,1.1247,00:04:23.898000,127391937,263898
EUR/USD,2019-05-02,1.1245,1.1249,00:04:25.899000,127391938,265899
EUR/USD,2019-05-02,1.1245,1.125,00:04:35.206000,127391939,275206
EUR/USD,2019-05-02,1.1244,1.1249,00:04:28.987000,127391940,268987
EUR/USD,2019-05-02,1.1244,1.1249,00:04:28.718000,127391941,268718
EUR/USD,2019-05-02,1.1244,1.1249,00:04:26.996000,127391942,266996
EUR/USD,2019-05-02,1.1245,1.125,00:04:35.728000,127391943,275728
EUR/USD,2019-05-02,1.1246,1.1249,00:04:33.230000,127391944,273230
EUR/USD,2019-05-02,1.1245,1.125,00:04:34.201000,127391945,274201
EUR/USD,2019-05-02,1.1247,1.1248,00:04:33.564000,127391946,273564
EUR/USD,2019-05-02,1.1244,1.1249,00:04:36.191000,127391947,276191
EUR/USD,2019-05-02,1.1245,1.125,00:04:26.016000,127391948,266016
EUR/USD,2019-05-02,1.1247,1.1248,00:04:30.299000,127391949,270299
EUR/USD,2019-05-02,1.1245,1.1248,00:04:30.382000,127391950,270382
EUR/USD,2019-05-02,1.1244,1.1249,00:04:28.261000,127391951,268261
EUR/USD,2019-05-02,1.1244,1.1249,00:04:43.722000,127391952,283722
EUR/USD,2019-05-02,1.1245,1.1249,00:04:36.725000,127391953,276725
EUR/USD,2019-05-02,1.1245,1.125,00:04:46.416000,127391954,286416
EUR/USD,2019-05-02,1.1245,1.125,00:04:40.240000,127391955,280240
EUR/USD,2019-05-02,1.1244,1.1249,00:04:43.228000,127391956,283228
EUR/USD,2019-05-02,1.1244,1.1249,00:04:42.308000,127391957,282308
EUR/USD,2019-05-02,1.1244,1.1249,00:04:41.156000,127391958,281156
EUR/USD,2019-05-02,1.1245,1.1249,00:04:45.719000,127391959,285719
EUR/USD,2019-05-02,1.1246,1.1247,00:04:38.393000,127391960,278393
EUR/USD,2019-05-02,1.1244,1.1249,00:04:38.159000,127391961,278159
EUR/USD,2019-05-02,1.1245,1.125,00:04:41.257000,127391962,281257
EUR/USD,2019-05-02,1.1245,1.125,00:04:45.120000,127391963,285120
EUR/USD,2019-05-02,1.1245,1.125,00:04:44.458000,127391964,284458
EUR/USD,2019-05-02,1.1247,1.1248,00:04:43.409000,127391965,283409
EUR/USD,2019-05-02,1.1246,1.1248,00:04:43.127000,127391966,283127
EUR/USD,2019-05-02,1.1244,1.1249,00:04:37.208000,127391967,277208
EUR/USD,2019-05-02,1.1246,1.1247,00:04:40.719000,127391968,280719
EUR/USD,2019-05-02,1.1246,1.1247,00:04:55.634000,127391969,295634
EUR/USD,2019-05-02,1.1245,1.125,00:04:49.722000,127391970,289722
EUR/USD,2019-05-02,1.1246,1.1247,00:04:55.903000,127391971,295903
EUR/USD,2019-05-02,1.1244,1.1249,00:05:07.670000,127391972,307670
EUR/USD,2019-05-02,1.1247,1.1248,00:05:02.223000,127391973,302223
EUR/USD,2019-05-02,1.1244,1.1249,00:05:01.490000,127391974,301490
EUR/USD,2019-05-02,1.1245,1.125,00:05:15.788000,127391975,315788
EUR/USD,2019-05-02,1.1247,1.1248,00:05:01.197000,127391976,301197
EUR/USD,2019-05-02,1.1245,1.125,00:05:04.578000,127391977,304578
EUR/USD,2019-05-02,1.1244,1.1249,00:05:13.719000,127391978,313719
EUR/USD,2019-05-02,1.1245,1.1249,00:05:00.774000,127391979,300774
EUR/USD,2019-05-02,1.1244,1.1249,00:05:22.030000,127391980,322030
EUR/USD,2019-05-02,1.1244,1.1249,00:05:08.682000,127391981,308682
EUR/USD,2019-05-02,1.1246,1.1248,00:05:04.006000,127391982,304006
EUR/USD,2019-05-02,1.1247,1.1248,00:05:17.441000,127391983,317441
EUR/USD,2019-05-02,1.1245,1.125,00:05:13.799000,127391984,313799
EUR/USD,2019-05-02,1.1246,1.1251,00:05:20.952000,127391985,320952
EUR/USD,2019-05-02,1.1246,1.1248,00:05:00.191000,127391986,300191
EUR/USD,2019-05-02,1.1245,1.1247,00:05:03.183000,127391987,303183
EUR/USD,2019-05-02,1.1244,1.1249,00:05:09.539000,127391988,309539
EUR/USD,2019-05-02,1.1247,1.1248,00:05:19.720000,127391989,319720
EUR/USD,2019-05-02,1.1245,1.125,00:05:03.533000,127391990,303533
EUR/USD,2019-05-02,1.1244,1.1249,00:05:02.578000,127391991,302578
EUR/USD,2019-05-02,1.1245,1.1249,00:05:07.725000,127391992,307725
EUR/USD,2019-05-02,1.1246,1.1247,00:05:00.219000,127391993,300219
EUR/USD,2019-05-02,1.1246,1.1247,00:05:12.610000,127391994,312610
EUR/USD,2019-05-02,1.1245,1.1247,00:05:13.157000,127391995,313157
EUR/USD,2019-05-02,1.1245,1.1249,00:04:59.717000,127391996,299717
EUR/USD,2019-05-02,1.1245,1.1249,00:04:58.707000,127391997,298707
EUR/USD,2019-05-02,1.1244,1.1246,00:05:05.506000,127391998,305506
EUR/USD,2019-05-02,1.1246,1.1247,00:05:21.264000,127391999,321264
EUR/USD,2019-05-02,1.1246,1.1248,00:05:07.007000,127392000,307007
EUR/USD,2019-05-02,1.1245,1.125,00:05:05.528000,127392001,305528
EUR/USD,2019-05-02,1.1246,1.1251,00:05:19.801000,127392002,319801
EUR/USD,2019-05-02,1.1246,1.1247,00:05:22.556000,127392003,322556
EUR/USD,2019-05-02,1.1245,1.125,00:05:14.534000,127392004,314534
EUR/USD,2019-05-02,1.1245,1.1249,00:05:02.744000,127392005,302744
EUR/USD,2019-05-02,1.1245,1.1249,00:05:01.723000,127392006,301723
EUR/USD,2019-05-02,1.1245,1.125,00:05:06.723000,127392007,306723
EUR/USD,2019-05-02,1.1244,1.1248,00:05:20.725000,127392008,320725
EUR/USD,2019-05-02,1.1243,1.1248,00:05:33.065000,127392009,333065
EUR/USD,2019-05-02,1.1245,1.1246,00:05:25.638000,127392010,325638
EUR/USD,2019-05-02,1.1245,1.125,00:05:26.896000,127392011,326896
EUR/USD,2019-05-02,1.1246,1.1247,00:05:22.964000,127392012,322964
EUR/USD,2019-05-02,1.1245,1.125,00:05:28.079000,127392013,328079
EUR/USD,2019-05-02,1.1245,1.1248,00:05:27.583000,127392014,327583
EUR/USD,2019-05-02,1.1244,1.1248,00:05:31.088000,127392015,331088
EUR/USD,2019-05-02,1.1244,1.1249,00:05:23.200000,127392016,323200
EUR/USD,2019-05-02,1.1244,1.1248,00:05:27.748000,127392017,327748
EUR/USD,2019-05-02,1.1244,1.1249,00:05:28.939000,127392018,328939
EUR/USD,2019-05-02,1.1245,1.1246,00:05:30.144000,127392019,330144
EUR/USD,2019-05-02,1.1247,1.1248,00:05:27.630000,127392020,327630
EUR/USD,2019-05-02,1.1244,1.1248,00:05:28.776000,127392021,328776
EUR/USD,2019-05-02,1.1244,1.1249,00:05:23.976000,127392022,323976
EUR/USD,2019-05-02,1.1245,1.1246,00:05:32.679000,127392023,332679
EUR/USD,2019-05-02,1.1244,1.1249,00:05:31.031000,127392024,331031
EUR/USD,2019-05-02,1.1244,1.1249,00:05:30.051000,127392025,330051
EUR/USD,2019-05-02,1.1243,1.1248,00:05:32.281000,127392026,332281
EUR/USD,2019-05-02,1.1244,1.1248,00:05:31.757000,127392027,331757
EUR/USD,2019-05-02,1.1245,1.1247,00:05:23.157000,127392028,323157
EUR/USD,2019-05-02,1.1244,1.1249,00:05:24.818000,127392029,324818
EUR/USD,2019-05-02,1.1244,1.1248,00:05:36.078000,127392030,336078
EUR/USD,2019-05-02,1.1244,1.1247,00:05:39.225000,127392031,339225
EUR/USD,2019-05-02,1.1244,1.1249,00:05:40.320000,127392032,340320
EUR/USD,2019-05-02,1.1243,1.1248,00:05:42.062000,127392033,342062
EUR/USD,2019-05-02,1.1244,1.1248,00:05:40.099000,127392034,340099
EUR/USD,2019-05-02,1.1243,1.1248,00:05:34.120000,127392035,334120
EUR/USD,2019-05-02,1.1245,1.1247,00:05:33.694000,127392036,333694
EUR/USD,2019-05-02,1.1245,1.1246,00:05:42.489000,127392037,342489
EUR/USD,2019-05-02,1.1246,1.1247,00:05:40.723000,127392038,340723
EUR/USD,2019-05-02,1.1243,1.1248,00:05:41.090000,127392039,341090
EUR/USD,2019-05-02,1.1246,1.1247,00:05:37.764000,127392040,337764
EUR/USD,2019-05-02,1.1243,1.1248,00:05:33.720000,127392041,333720
EUR/USD,2019-05-02,1.1244,1.1249,00:05:39.151000,127392042,339151
EUR/USD,2019-05-02,1.1244,1.1248,00:05:51.786000,127392043,351786
EUR/USD,2019-05-02,1.1246,1.1247,00:05:50.248000,127392044,350248
EUR/USD,2019-05-02,1.1244,1.1249,00:05:44.283000,127392045,344283
EUR/USD,2019-05-02,1.1244,1.1249,00:05:51.261000,127392046,351261
EUR/USD,2019-05-02,1.1244,1.1248,00:05:49.778000,127392047,349778
EUR/USD,2019-05-02,1.1244,1.1248,00:05:50.954000,127392048,350954
EUR/USD,2019-05-02,1.1244,1.1247,00:05:46.589000,127392049,346589
EUR/USD,2019-05-02,1.1244,1.1249,00:05:45.170000,127392050,345170
EUR/USD,2019-05-02,1.1244,1.1249,00:05:52.264000,127392051,352264
EUR/USD,2019-05-02,1.1244,1.1249,00:05:46.723000,127392052,346723
EUR/USD,2019-05-02,1.1243,1.1248,00:05:48.081000,127392053,348081
EUR/USD,2019-05-02,1.1243,1.1248,00:05:53.250000,127392054,353250
EUR/USD,2019-05-02,1.1244,1.1249,00:05:52.724000,127392055,352724
EUR/USD,2019-05-02,1.1243,1.1248,00:05:47.203000,127392056,347203
EUR/USD,2019-05-02,1.1243,1.1248,00:05:49.085000,127392057,349085
EUR/USD,2019-05-02,1.1243,1.1248,00:05:56.435000,127392058,356435
EUR/USD,2019-05-02,1.1243,1.1248,00:05:54.270000,127392059,354270
EUR/USD,2019-05-02,1.1245,1.1246,00:05:54.449000,127392060,354449
EUR/USD,2019-05-02,1.1243,1.1248,00:06:02.466000,127392061,362466
EUR/USD,2019-05-02,1.1243,1.1248,00:05:55.222000,127392062,355222
EUR/USD,2019-05-02,1.1243,1.1248,00:06:03.427000,127392063,363427
EUR/USD,2019-05-02,1.1245,1.1246,00:06:00.199000,127392064,360199
EUR/USD,2019-05-02,1.1243,1.1248,00:06:03.383000,127392065,363383
EUR/USD,2019-05-02,1.1244,1.1249,00:06:01.401000,127392066,361401
EUR/USD,2019-05-02,1.1245,1.1246,00:06:00.225000,127392067,360225
EUR/USD,2019-05-02,1.1243,1.1248,00:05:58.724000,127392068,358724
EUR/USD,2019-05-02,1.1245,1.1246,00:06:01.789000,127392069,361789
EUR/USD,2019-05-02,1.1243,1.1248,00:06:04.720000,127392070,364720
EUR/USD,2019-05-02,1.1244,1.1247,00:06:05.094000,127392071,365094
EUR/USD,2019-05-02,1.1243,1.1247,00:06:13.420000,127392072,373420
EUR/USD,2019-05-02,1.1244,1.1247,00:06:11.720000,127392073,371720
EUR/USD,2019-05-02,1.1243,1.1247,00:06:12.396000,127392074,372396
EUR/USD,2019-05-02,1.1244,1.1247,00:06:11.894000,127392075,371894
EUR/USD,2019-05-02,1.1243,1.1247,00:06:14.449000,127392076,374449
EUR/USD,2019-05-02,1.1245,1.1246,00:06:12.237000,127392077,372237
EUR/USD,2019-05-02,1.1243,1.1247,00:06:11.433000,127392078,371433
EUR/USD,2019-05-02,1.1245,1.1246,00:06:23.177000,127392079,383177
EUR/USD,2019-05-02,1.1243,1.1247,00:06:17.722000,127392080,377722
EUR/USD,2019-05-02,1.1244,1.1245,00:06:33.451000,127392081,393451
EUR/USD,2019-05-02,1.1244,1.1249,00:06:25.081000,127392082,385081
EUR/USD,2019-05-02,1.1244,1.1246,00:06:30.251000,127392083,390251
EUR/USD,2019-05-02,1.1244,1.1245,00:06:30.295000,127392084,390295
EUR/USD,2019-05-02,1.1243,1.1248,00:06:26.833000,127392085,386833
EUR/USD,2019-05-02,1.1244,1.1245,00:06:25.636000,127392086,385636
EUR/USD,2019-05-02,1.1243,1.1248,00:06:25.803000,127392087,385803
EUR/USD,2019-05-02,1.1243,1.1247,00:06:27.424000,127392088,387424
EUR/USD,2019-05-02,1.1243,1.1248,00:06:27.726000,127392089,387726
EUR/USD,2019-05-02,1.1243,1.1246,00:06:41.216000,127392090,401216
EUR/USD,2019-05-02,1.1244,1.1245,00:06:36.722000,127392091,396722
EUR/USD,2019-05-02,1.1243,1.1247,00:06:47.632000,127392092,407632
EUR/USD,2019-05-02,1.1244,1.1246,00:06:53.241000,127392093,413241
EUR/USD,2019-05-02,1.1243,1.1246,00:06:46.726000,127392094,406726
EUR/USD,2019-05-02,1.1244,1.1249,00:06:49.159000,127392095,409159
EUR/USD,2019-05-02,1.1243,1.1248,00:06:53.721000,127392096,413721
EUR/USD,2019-05-02,1.1243,1.1247,00:06:52.661000,127392097,412661
EUR/USD,2019-05-02,1.1243,1.1247,00:06:46.618000,127392098,406618
EUR/USD,2019-05-02,1.1245,1.1246,00:06:48.143000,127392099,408143
EUR/USD,2019-05-02,1.1243,1.1248,00:06:50.285000,127392100,410285
EUR/USD,2019-05-02,1.1243,1.1248,00:06:51.246000,127392101,411246
EUR/USD,2019-05-02,1.1243,1.1246,00:06:47.767000,127392102,407767
EUR/USD,2019-05-02,1.1244,1.1245,00:06:58.623000,127392103,418623
EUR/USD,2019-05-02,1.1243,1.1248,00:06:58.727000,127392104,418727
EUR/USD,2019-05-02,1.1243,1.1246,00:06:57.230000,127392105,417230
EUR/USD,2019-05-02,1.1244,1.1245,00:07:00.220000,127392106,420220
EUR/USD,2019-05-02,1.1244,1.1245,00:07:03.725000,127392107,423725
EUR/USD,2019-05-02,1.1244,1.1245,00:07:00.268000,127392108,420268
EUR/USD,2019-05-02,1.1244,1.1245,00:07:12.332000,127392109,432332
EUR/USD,2019-05-02,1.1244,1.1245,00:07:23.143000,127392110,443143
EUR/USD,2019-05-02,1.1245,1.1247,00:07:33.923000,127392111,453923
EUR/USD,2019-05-02,1.1243,1.1246,00:07:33.521000,127392112,453521
EUR/USD,2019-05-02,1.1242,1.1246,00:07:35.815000,127392113,455815
EUR/USD,2019-05-02,1.1243,1.1247,00:07:35.907000,127392114,455907
EUR/USD,2019-05-02,1.1244,1.1245,00:07:30.241000,127392115,450241
EUR/USD,2019-05-02,1.1244,1.1245,00:07:30.260000,127392116,450260
EUR/USD,2019-05-02,1.1244,1.1249,00:07:35.107000,127392117,455107
EUR/USD,2019-05-02,1.1246,1.1247,00:07:34.152000,127392118,454152
EUR/USD,2019-05-02,1.1242,1.1246,00:07:46.913000,127392119,466913
EUR/USD,2019-05-02,1.1243,1.1247,00:07:44.297000,127392120,464297
EUR/USD,2019-05-02,1.1244,1.1246,00:07:46.021000,127392121,466021
EUR/USD,2019-05-02,1.1245,1.1246,00:07:38.536000,127392122,458536
EUR/USD,2019-05-02,1.1243,1.1247,00:07:42.913000,127392123,462913
EUR/USD,2019-05-02,1.1244,1.1246,00:07:43.164000,127392124,463164
EUR/USD,2019-05-02,1.1244,1.1246,00:07:44.524000,127392125,464524
EUR/USD,2019-05-02,1.1244,1.1246,00:07:46.730000,127392126,466730
EUR/USD,2019-05-02,1.1243,1.1248,00:07:37.899000,127392127,457899
EUR/USD,2019-05-02,1.1243,1.1247,00:07:38.919000,127392128,458919
EUR/USD,2019-05-02,1.1243,1.1247,00:07:40.727000,127392129,460727
EUR/USD,2019-05-02,1.1242,1.1246,00:07:57.686000,127392130,477686
EUR/USD,2019-05-02,1.1244,1.1245,00:07:48.733000,127392131,468733
EUR/USD,2019-05-02,1.1242,1.1247,00:07:50.037000,127392132,470037
EUR/USD,2019-05-02,1.1242,1.1247,00:07:49.988000,127392133,469988
EUR/USD,2019-05-02,1.1242,1.1247,00:07:49.159000,127392134,469159
EUR/USD,2019-05-02,1.1242,1.1247,00:07:51.730000,127392135,471730
EUR/USD,2019-05-02,1.1244,1.1245,00:07:57.357000,127392136,477357
EUR/USD,2019-05-02,1.1242,1.1246,00:07:47.927000,127392137,467927
EUR/USD,2019-05-02,1.1243,1.1245,00:07:53.193000,127392138,473193
EUR/USD,2019-05-02,1.1242,1.1246,00:08:04.716000,127392139,484716
EUR/USD,2019-05-02,1.1244,1.1245,00:08:00.569000,127392140,480569
EUR/USD,2019-05-02,1.1241,1.1246,00:08:06.239000,127392141,486239
EUR/USD,2019-05-02,1.1243,1.1245,00:07:58.731000,127392142,478731
EUR/USD,2019-05-02,1.1244,1.1245,00:08:02.728000,127392143,482728
EUR/USD,2019-05-02,1.1242,1.1246,00:08:03.678000,127392144,483678
EUR/USD,2019-05-02,1.1242,1.1246,00:08:05.213000,127392145,485213
EUR/USD,2019-05-02,1.1244,1.1245,00:08:00.202000,127392146,480202
EUR/USD,2019-05-02,1.1242,1.1244,00:08:04.981000,127392147,484981
EUR/USD,2019-05-02,1.1243,1.1244,00:08:01.653000,127392148,481653
EUR/USD,2019-05-02,1.1241,1.1246,00:08:05.219000,127392149,485219
EUR/USD,2019-05-02,1.1243,1.1246,00:08:00.141000,127392150,480141
EUR/USD,2019-05-02,1.1241,1.1245,00:08:12.715000,127392151,492715
EUR/USD,2019-05-02,1.1244,1.1245,00:08:18.445000,127392152,498445
EUR/USD,2019-05-02,1.1243,1.1244,00:08:08.744000,127392153,488744
EUR/USD,2019-05-02,1.1243,1.1244,00:08:10.728000,127392154,490728
EUR/USD,2019-05-02,1.1243,1.1245,00:08:17.015000,127392155,497015
EUR/USD,2019-05-02,1.1242,1.1246,00:08:17.727000,127392156,497727
EUR/USD,2019-05-02,1.1241,1.1245,00:08:11.725000,127392157,491725
EUR/USD,2019-05-02,1.1241,1.1245,00:08:14.716000,127392158,494716
EUR/USD,2019-05-02,1.1243,1.1246,00:08:17.103000,127392159,497103
EUR/USD,2019-05-02,1.1242,1.1246,00:08:16.732000,127392160,496732
EUR/USD,2019-05-02,1.1242,1.1245,00:08:13.231000,127392161,493231
EUR/USD,2019-05-02,1.1242,1.1246,00:08:15.743000,127392162,495743
EUR/USD,2019-05-02,1.1242,1.1247,00:08:19.467000,127392163,499467
EUR/USD,2019-05-02,1.1241,1.1246,00:08:20.429000,127392164,500429
EUR/USD,2019-05-02,1.1243,1.1244,00:08:25.736000,127392165,505736
EUR/USD,2019-05-02,1.1242,1.1244,00:08:23.194000,127392166,503194
EUR/USD,2019-05-02,1.1243,1.1244,00:08:26.406000,127392167,506406
EUR/USD,2019-05-02,1.1243,1.1244,00:08:24.113000,127392168,504113
EUR/USD,2019-05-02,1.1242,1.1245,00:08:19.491000,127392169,499491
EUR/USD,2019-05-02,1.1243,1.1244,00:08:23.617000,127392170,503617
EUR/USD,2019-05-02,1.1242,1.1246,00:08:19.731000,127392171,499731
EUR/USD,2019-05-02,1.1241,1.1246,00:08:21.454000,127392172,501454
EUR/USD,2019-05-02,1.1242,1.1246,00:08:35.085000,127392173,515085
EUR/USD,2019-05-02,1.1241,1.1246,00:08:38.694000,127392174,518694
EUR/USD,2019-05-02,1.1241,1.1246,00:08:37.784000,127392175,517784
EUR/USD,2019-05-02,1.1242,1.1247,00:08:36.783000,127392176,516783
EUR/USD,2019-05-02,1.1243,1.1244,00:08:30.147000,127392177,510147
EUR/USD,2019-05-02,1.1242,1.1246,00:08:36.742000,127392178,516742
EUR/USD,2019-05-02,1.1244,1.1245,00:08:35.463000,127392179,515463
EUR/USD,2019-05-02,1.1242,1.1245,00:08:49.011000,127392180,529011
EUR/USD,2019-05-02,1.1243,1.1244,00:08:40.732000,127392181,520732
EUR/USD,2019-05-02,1.1243,1.1244,00:08:39.342000,127392182,519342
EUR/USD,2019-05-02,1.1241,1.1245,00:08:48.762000,127392183,528762
EUR/USD,2019-05-02,1.1243,1.1244,00:08:39.628000,127392184,519628
EUR/USD,2019-05-02,1.1241,1.1245,00:08:52.834000,127392185,532834
EUR/USD,2019-05-02,1.1243,1.1244,00:08:53.317000,127392186,533317
EUR/USD,2019-05-02,1.1241,1.1245,00:08:51.769000,127392187,531769
EUR/USD,2019-05-02,1.1241,1.1245,00:08:55.727000,127392188,535727
EUR/USD,2019-05-02,1.1241,1.1245,00:08:54.753000,127392189,534753
EUR/USD,2019-05-02,1.1241,1.1245,00:08:54.174000,127392190,534174
EUR/USD,2019-05-02,1.1243,1.1244,00:09:04.728000,127392191,544728
EUR/USD,2019-05-02,1.1241,1.1245,00:09:05.176000,127392192,545176
EUR/USD,2019-05-02,1.1241,1.1245,00:09:07.731000,127392193,547731
EUR/USD,2019-05-02,1.1243,1.1244,00:09:02.727000,127392194,542727
EUR/USD,2019-05-02,1.1242,1.1243,00:09:01.648000,127392195,541648
EUR/USD,2019-05-02,1.1243,1.1244,00:09:00.183000,127392196,540183
EUR/USD,2019-05-02,1.1241,1.1244,00:09:26.185000,127392197,566185
EUR/USD,2019-05-02,1.1242,1.1243,00:09:30.081000,127392198,570081
EUR/USD,2019-05-02,1.1242,1.1243,00:09:26.626000,127392199,566626
EUR/USD,2019-05-02,1.1241,1.1245,00:09:25.807000,127392200,565807
EUR/USD,2019-05-02,1.1242,1.1244,00:09:30.052000,127392201,570052
EUR/USD,2019-05-02,1.1243,1.1244,00:09:33.156000,127392202,573156
EUR/USD,2019-05-02,1.1241,1.1245,00:09:32.793000,127392203,572793
EUR/USD,2019-05-02,1.1242,1.1243,00:09:31.732000,127392204,571732
EUR/USD,2019-05-02,1.1243,1.1244,00:09:42.081000,127392205,582081
EUR/USD,2019-05-02,1.1242,1.1245,00:09:49.734000,127392206,589734
EUR/USD,2019-05-02,1.1241,1.1245,00:09:43.821000,127392207,583821
EUR/USD,2019-05-02,1.1242,1.1243,00:09:45.255000,127392208,585255
EUR/USD,2019-05-02,1.1242,1.1245,00:09:46.108000,127392209,586108
EUR/USD,2019-05-02,1.1241,1.1245,00:09:44.828000,127392210,584828
EUR/USD,2019-05-02,1.1242,1.1246,00:10:00.833000,127392211,600833
EUR/USD,2019-05-02,1.1242,1.1247,00:09:59.747000,127392212,599747
EUR/USD,2019-05-02,1.1242,1.1246,00:09:53.835000,127392213,593835
EUR/USD,2019-05-02,1.1242,1.1247,00:10:14.823000,127392214,614823
EUR/USD,2019-05-02,1.1242,1.1246,00:10:13.906000,127392215,613906
EUR/USD,2019-05-02,1.1241,1.1246,00:10:07.024000,127392216,607024
EUR/USD,2019-05-02,1.1241,1.1246,00:10:29.146000,127392217,629146
EUR/USD,2019-05-02,1.1242,1.1244,00:10:06.340000,127392218,606340
EUR/USD,2019-05-02,1.1242,1.1247,00:09:58.828000,127392219,598828
EUR/USD,2019-05-02,1.1241,1.1246,00:10:07.947000,127392220,607947
EUR/USD,2019-05-02,1.1244,1.1245,00:10:05.646000,127392221,605646
EUR/USD,2019-05-02,1.1243,1.1245,00:09:55.340000,127392222,595340
EUR/USD,2019-05-02,1.1243,1.1245,00:10:03.157000,127392223,603157
EUR/USD,2019-05-02,1.1242,1.1246,00:10:04.911000,127392224,604911
EUR/USD,2019-05-02,1.1243,1.1246,00:10:26.075000,127392225,626075
EUR/USD,2019-05-02,1.1242,1.1246,00:10:12.911000,127392226,612911
EUR/USD,2019-05-02,1.1243,1.1244,00:10:00.705000,127392227,600705
EUR/USD,2019-05-02,1.1242,1.1244,00:10:13.201000,127392228,613201
EUR/USD,2019-05-02,1.1241,1.1246,00:10:05.955000,127392229,605955
EUR/USD,2019-05-02,1.1242,1.1246,00:10:11.904000,127392230,611904
EUR/USD,2019-05-02,1.1244,1.1245,00:10:15.618000,127392231,615618
EUR/USD,2019-05-02,1.1244,1.1245,00:09:53.546000,127392232,593546
EUR/USD,2019-05-02,1.1243,1.1244,00:10:07.124000,127392233,607124
EUR/USD,2019-05-02,1.1244,1.1245,00:10:07.733000,127392234,607733
EUR/USD,2019-05-02,1.1242,1.1245,00:10:13.246000,127392235,613246
EUR/USD,2019-05-02,1.1242,1.1246,00:09:56.828000,127392236,596828
EUR/USD,2019-05-02,1.1242,1.1246,00:10:28.109000,127392237,628109
EUR/USD,2019-05-02,1.1243,1.1244,00:10:07.648000,127392238,607648
EUR/USD,2019-05-02,1.1243,1.1244,00:10:10.450000,127392239,610450
EUR/USD,2019-05-02,1.1242,1.1246,00:09:53.955000,127392240,593955
EUR/USD,2019-05-02,1.1242,1.1246,00:09:59.729000,127392241,599729
EUR/USD,2019-05-02,1.1242,1.1247,00:10:20.734000,127392242,620734
EUR/USD,2019-05-02,1.1243,1.1244,00:10:00.210000,127392243,600210
EUR/USD,2019-05-02,1.1245,1.1248,00:10:00.336000,127392244,600336
EUR/USD,2019-05-02,1.1242,1.1246,00:10:15.248000,127392245,615248
EUR/USD,2019-05-02,1.1243,1.1245,00:10:15.403000,127392246,615403
EUR/USD,2019-05-02,1.1243,1.1246,00:10:03.246000,127392247,603246
EUR/USD,2019-05-02,1.1242,1.1245,00:10:06.236000,127392248,606236
EUR/USD,2019-05-02,1.1242,1.1247,00:09:57.903000,127392249,597903
EUR/USD,2019-05-02,1.1242,1.1246,00:10:10.990000,127392250,610990
EUR/USD,2019-05-02,1.1243,1.1246,00:10:27.735000,127392251,627735
EUR/USD,2019-05-02,1.1243,1.1246,00:10:25.251000,127392252,625251
EUR/USD,2019-05-02,1.1243,1.1244,00:10:28.201000,127392253,628201
EUR/USD,2019-05-02,1.1242,1.1247,00:10:17.068000,127392254,617068
EUR/USD,2019-05-02,1.1242,1.1246,00:10:27.047000,127392255,627047
EUR/USD,2019-05-02,1.1242,1.1246,00:10:06.912000,127392256,606912
EUR/USD,2019-05-02,1.1242,1.1246,00:09:52.825000,127392257,592825
EUR/USD,2019-05-02,1.1242,1.1247,00:10:16.018000,127392258,616018
EUR/USD,2019-05-02,1.1242,1.1246,00:10:14.740000,127392259,614740
EUR/USD,2019-05-02,1.1244,1.1245,00:10:35.437000,127392260,635437
EUR/USD,2019-05-02,1.1242,1.1246,00:10:33.081000,127392261,633081
EUR/USD,2019-05-02,1.1242,1.1244,00:10:33.420000,127392262,633420
EUR/USD,2019-05-02,1.1242,1.1246,00:10:32.172000,127392263,632172
EUR/USD,2019-05-02,1.1241,1.1246,00:10:31.169000,127392264,631169
EUR/USD,2019-05-02,1.1242,1.1246,00:10:35.079000,127392265,635079
EUR/USD,2019-05-02,1.1242,1.1246,00:10:30.076000,127392266,630076
EUR/USD,2019-05-02,1.1241,1.1246,00:10:39.216000,127392267,639216
EUR/USD,2019-05-02,1.1243,1.1244,00:10:30.224000,127392268,630224
EUR/USD,2019-05-02,1.1242,1.1246,00:10:34.736000,127392269,634736
EUR/USD,2019-05-02,1.1242,1.1246,00:10:34.093000,127392270,634093
EUR/USD,2019-05-02,1.1241,1.1246,00:10:40.278000,127392271,640278
EUR/USD,2019-05-02,1.1242,1.1246,00:10:36.080000,127392272,636080
EUR/USD,2019-05-02,1.1242,1.1246,00:10:31.060000,127392273,631060
EUR/USD,2019-05-02,1.1242,1.1247,00:10:37.333000,127392274,637333
EUR/USD,2019-05-02,1.1241,1.1246,00:10:30.107000,127392275,630107
EUR/USD,2019-05-02,1.1243,1.1244,00:10:30.275000,127392276,630275
EUR/USD,2019-05-02,1.1242,1.1245,00:10:35.364000,127392277,635364
EUR/USD,2019-05-02,1.1243,1.1244,00:10:30.561000,127392278,630561
EUR/USD,2019-05-02,1.1242,1.1247,00:10:38.356000,127392279,638356
EUR/USD,2019-05-02,1.1243,1.1244,00:10:40.545000,127392280,640545
EUR/USD,2019-05-02,1.1242,1.1246,00:10:50.120000,127392281,650120
EUR/USD,2019-05-02,1.1243,1.1246,00:10:46.271000,127392282,646271
EUR/USD,2019-05-02,1.1242,1.1246,00:10:45.105000,127392283,645105
EUR/USD,2019-05-02,1.1243,1.1244,00:10:41.519000,127392284,641519
EUR/USD,2019-05-02,1.1243,1.1246,00:10:45.341000,127392285,645341
EUR/USD,2019-05-02,1.1244,1.1245,00:10:45.469000,127392286,645469
EUR/USD,2019-05-02,1.1241,1.1246,00:10:41.230000,127392287,641230
EUR/USD,2019-05-02,1.1242,1.1247,00:10:40.747000,127392288,640747
EUR/USD,2019-05-02,1.1242,1.1245,00:10:46.156000,127392289,646156
EUR/USD,2019-05-02,1.1243,1.1245,00:10:44.447000,127392290,644447
EUR/USD,2019-05-02,1.1243,1.1245,00:10:46.745000,127392291,646745
EUR/USD,2019-05-02,1.1242,1.1246,00:10:44.118000,127392292,644118
EUR/USD,2019-05-02,1.1242,1.1244,00:10:46.028000,127392293,646028
EUR/USD,2019-05-02,1.1243,1.1244,00:11:00.130000,127392294,660130
EUR/USD,2019-05-02,1.1243,1.1245,00:10:54.483000,127392295,654483
EUR/USD,2019-05-02,1.1242,1.1246,00:10:51.103000,127392296,651103
EUR/USD,2019-05-02,1.1242,1.1246,00:10:53.122000,127392297,653122
EUR/USD,2019-05-02,1.1242,1.1247,00:10:55.505000,127392298,655505
EUR/USD,2019-05-02,1.1242,1.1247,00:10:54.631000,127392299,654631
EUR/USD,2019-05-02,1.1242,1.1247,00:10:57.744000,127392300,657744
EUR/USD,2019-05-02,1.1243,1.1244,00:11:00.068000,127392301,660068
EUR/USD,2019-05-02,1.1242,1.1247,00:10:56.518000,127392302,656518
EUR/USD,2019-05-02,1.1243,1.1245,00:10:51.734000,127392303,651734
EUR/USD,2019-05-02,1.1241,1.1246,00:11:09.799000,127392304,669799
EUR/USD,2019-05-02,1.1241,1.1246,00:11:01.667000,127392305,661667
EUR/USD,2019-05-02,1.1241,1.1246,00:11:05.738000,127392306,665738
EUR/USD,2019-05-02,1.1241,1.1246,00:11:03.498000,127392307,663498
EUR/USD,2019-05-02,1.1242,1.1246,00:11:02.104000,127392308,662104
EUR/USD,2019-05-02,1.1242,1.1244,00:11:03.180000,127392309,663180
EUR/USD,2019-05-02,1.1241,1.1246,00:11:10.556000,127392310,670556
EUR/USD,2019-05-02,1.1241,1.1246,00:11:02.579000,127392311,662579
EUR/USD,2019-05-02,1.1242,1.1245,00:11:05.247000,127392312,665247
EUR/USD,2019-05-02,1.1243,1.1244,00:11:02.059000,127392313,662059
EUR/USD,2019-05-02,1.1242,1.1246,00:11:10.113000,127392314,670113
EUR/USD,2019-05-02,1.1242,1.1247,00:11:08.749000,127392315,668749
EUR/USD,2019-05-02,1.1242,1.1246,00:11:01.102000,127392316,661102
EUR/USD,2019-05-02,1.1243,1.1244,00:11:07.650000,127392317,667650
EUR/USD,2019-05-02,1.1244,1.1245,00:11:06.421000,127392318,666421
EUR/USD,2019-05-02,1.1242,1.1246,00:11:04.093000,127392319,664093
EUR/USD,2019-05-02,1.1242,1.1246,00:11:08.119000,127392320,668119
EUR/USD,2019-05-02,1.1242,1.1247,00:11:07.908000,127392321,667908
EUR/USD,2019-05-02,1.1242,1.1246,00:11:06.141000,127392322,666141
EUR/USD,2019-05-02,1.1242,1.1247,00:11:13.951000,127392323,673951
EUR/USD,2019-05-02,1.1243,1.1244,00:11:12.017000,127392324,672017
EUR/USD,2019-05-02,1.1243,1.1246,00:11:13.133000,127392325,673133
EUR/USD,2019-05-02,1.1241,1.1246,00:11:11.746000,127392326,671746
EUR/USD,2019-05-02,1.1242,1.1246,00:11:12.110000,127392327,672110
EUR/USD,2019-05-02,1.1241,1.1246,00:11:11.716000,127392328,671716
EUR/USD,2019-05-02,1.1242,1.1247,00:11:14.912000,127392329,674912
EUR/USD,2019-05-02,1.1242,1.1247,00:11:15.909000,127392330,675909
EUR/USD,2019-05-02,1.1243,1.1245,00:11:13.201000,127392331,673201
EUR/USD,2019-05-02,1.1244,1.1245,00:11:16.472000,127392332,676472
EUR/USD,2019-05-02,1.1242,1.1246,00:11:11.329000,127392333,671329
EUR/USD,2019-05-02,1.1244,1.1245,00:11:18.738000,127392334,678738
EUR/USD,2019-05-02,1.1243,1.1244,00:11:17.080000,127392335,677080
EUR/USD,2019-05-02,1.1243,1.1246,00:11:17.338000,127392336,677338
EUR/USD,2019-05-02,1.1242,1.1246,00:11:23.219000,127392337,683219
EUR/USD,2019-05-02,1.1241,1.1245,00:11:25.218000,127392338,685218
EUR/USD,2019-05-02,1.1241,1.1245,00:11:27.223000,127392339,687223
EUR/USD,2019-05-02,1.1241,1.1246,00:11:23.996000,127392340,683996
EUR/USD,2019-05-02,1.1241,1.1246,00:11:26.738000,127392341,686738
EUR/USD,2019-05-02,1.1242,1.1243,00:11:30.300000,127392342,690300
EUR/USD,2019-05-02,1.1242,1.1246,00:11:22.204000,127392343,682204
EUR/USD,2019-05-02,1.1241,1.1246,00:11:25.940000,127392344,685940
EUR/USD,2019-05-02,1.124,1.1245,00:11:30.000000,127392345,690000
EUR/USD,2019-05-02,1.1241,1.1244,00:11:27.327000,127392346,687327
EUR/USD,2019-05-02,1.1243,1.1244,00:11:26.581000,127392347,686581
EUR/USD,2019-05-02,1.124,1.1245,00:11:29.142000,127392348,689142
EUR/USD,2019-05-02,1.1241,1.1246,00:11:31.008000,127392349,691008
EUR/USD,2019-05-02,1.1242,1.1244,00:11:23.484000,127392350,683484
EUR/USD,2019-05-02,1.1241,1.1245,00:11:30.237000,127392351,690237
EUR/USD,2019-05-02,1.1241,1.1245,00:11:29.244000,127392352,689244
EUR/USD,2019-05-02,1.1241,1.1246,00:11:24.970000,127392353,684970
EUR/USD,2019-05-02,1.1241,1.1245,00:11:23.465000,127392354,683465
EUR/USD,2019-05-02,1.124,1.1245,00:11:39.161000,127392355,699161
EUR/USD,2019-05-02,1.1242,1.1243,00:11:37.636000,127392356,697636
EUR/USD,2019-05-02,1.1241,1.1245,00:11:38.263000,127392357,698263
EUR/USD,2019-05-02,1.124,1.1245,00:11:38.379000,127392358,698379
EUR/USD,2019-05-02,1.1241,1.1245,00:11:36.238000,127392359,696238
EUR/USD,2019-05-02,1.1242,1.1243,00:11:32.920000,127392360,692920
EUR/USD,2019-05-02,1.1241,1.1245,00:11:37.241000,127392361,697241
EUR/USD,2019-05-02,1.124,1.1245,00:11:37.263000,127392362,697263
EUR/USD,2019-05-02,1.1241,1.1244,00:11:34.748000,127392363,694748
EUR/USD,2019-05-02,1.1241,1.1246,00:11:41.230000,127392364,701230
EUR/USD,2019-05-02,1.1241,1.1246,00:11:31.992000,127392365,691992
EUR/USD,2019-05-02,1.1242,1.1244,00:11:33.194000,127392366,693194
EUR/USD,2019-05-02,1.1241,1.1243,00:11:37.435000,127392367,697435
EUR/USD,2019-05-02,1.1241,1.1244,00:11:32.461000,127392368,692461
EUR/USD,2019-05-02,1.1242,1.1245,00:11:39.245000,127392369,699245
EUR/USD,2019-05-02,1.1242,1.1243,00:11:39.748000,127392370,699748
EUR/USD,2019-05-02,1.1242,1.1243,00:11:35.195000,127392371,695195
EUR/USD,2019-05-02,1.1241,1.1245,00:11:35.234000,127392372,695234
EUR/USD,2019-05-02,1.124,1.1245,00:11:43.222000,127392373,703222
EUR/USD,2019-05-02,1.1241,1.1245,00:11:50.184000,127392374,710184
EUR/USD,2019-05-02,1.1241,1.1246,00:11:44.745000,127392375,704745
EUR/USD,2019-05-02,1.1242,1.1244,00:11:49.736000,127392376,709736
EUR/USD,2019-05-02,1.1241,1.1246,00:11:42.010000,127392377,702010
EUR/USD,2019-05-02,1.124,1.1244,00:11:51.216000,127392378,711216
EUR/USD,2019-05-02,1.124,1.1245,00:11:44.123000,127392379,704123
EUR/USD,2019-05-02,1.1242,1.1244,00:11:43.261000,127392380,703261
EUR/USD,2019-05-02,1.1242,1.1244,00:11:47.332000,127392381,707332
EUR/USD,2019-05-02,1.124,1.1245,00:11:45.139000,127392382,705139
EUR/USD,2019-05-02,1.124,1.1244,00:11:59.240000,127392383,719240
EUR/USD,2019-05-02,1.1241,1.1245,00:12:00.264000,127392384,720264
EUR/USD,2019-05-02,1.124,1.1244,00:11:56.735000,127392385,716735
EUR/USD,2019-05-02,1.1241,1.1244,00:12:01.339000,127392386,721339
EUR/USD,2019-05-02,1.1242,1.1243,00:11:55.571000,127392387,715571
EUR/USD,2019-05-02,1.124,1.1244,00:11:53.131000,127392388,713131
EUR/USD,2019-05-02,1.124,1.1244,00:11:56.196000,127392389,716196
EUR/USD,2019-05-02,1.1239,1.1244,00:11:58.631000,127392390,718631
EUR/USD,2019-05-02,1.124,1.1244,00:11:52.227000,127392391,712227
EUR/USD,2019-05-02,1.1239,1.1244,00:11:56.493000,127392392,716493
EUR/USD,2019-05-02,1.124,1.1245,00:12:01.632000,127392393,721632
EUR/USD,2019-05-02,1.1241,1.1243,00:11:53.200000,127392394,713200
EUR/USD,2019-05-02,1.1241,1.1245,00:12:01.444000,127392395,721444
EUR/USD,2019-05-02,1.124,1.1244,00:11:55.236000,127392396,715236
EUR/USD,2019-05-02,1.1243,1.1244,00:12:00.520000,127392397,720520
EUR/USD,2019-05-02,1.1242,1.1243,00:12:00.209000,127392398,720209
EUR/USD,2019-05-02,1.1239,1.1244,00:11:57.412000,127392399,717412
EUR/USD,2019-05-02,1.1241,1.1244,00:11:52.711000,127392400,712711
EUR/USD,2019-05-02,1.1239,1.1244,00:12:12.630000,127392401,732630
EUR/USD,2019-05-02,1.1241,1.1242,00:12:11.062000,127392402,731062
EUR/USD,2019-05-02,1.1241,1.1242,00:12:07.664000,127392403,727664
EUR/USD,2019-05-02,1.1239,1.1244,00:12:11.650000,127392404,731650
EUR/USD,2019-05-02,1.124,1.1245,00:12:03.735000,127392405,723735
EUR/USD,2019-05-02,1.1239,1.1244,00:12:10.720000,127392406,730720
EUR/USD,2019-05-02,1.1239,1.1244,00:12:12.748000,127392407,732748
EUR/USD,2019-05-02,1.124,1.1244,00:12:10.268000,127392408,730268
EUR/USD,2019-05-02,1.1242,1.1243,00:12:05.436000,127392409,725436
EUR/USD,2019-05-02,1.124,1.1244,00:12:09.246000,127392410,729246
EUR/USD,2019-05-02,1.124,1.1244,00:12:12.232000,127392411,732232
EUR/USD,2019-05-02,1.124,1.1245,00:12:02.802000,127392412,722802
EUR/USD,2019-05-02,1.1241,1.1244,00:12:12.730000,127392413,732730
EUR/USD,2019-05-02,1.124,1.1245,00:12:03.781000,127392414,723781
EUR/USD,2019-05-02,1.124,1.1245,00:12:22.712000,127392415,742712
EUR/USD,2019-05-02,1.124,1.1245,00:12:20.722000,127392416,740722
EUR/USD,2019-05-02,1.1242,1.1243,00:12:15.911000,127392417,735911
EUR/USD,2019-05-02,1.124,1.1245,00:12:16.619000,127392418,736619
EUR/USD,2019-05-02,1.124,1.1245,00:12:15.673000,127392419,735673
EUR/USD,2019-05-02,1.124,1.1245,00:12:21.702000,127392420,741702
EUR/USD,2019-05-02,1.1241,1.1242,00:12:20.643000,127392421,740643
EUR/USD,2019-05-02,1.1239,1.1244,00:12:18.802000,127392422,738802
EUR/USD,2019-05-02,1.124,1.1244,00:12:18.264000,127392423,738264
EUR/USD,2019-05-02,1.124,1.1245,00:12:14.706000,127392424,734706
EUR/USD,2019-05-02,1.1239,1.1244,00:12:19.819000,127392425,739819
EUR/USD,2019-05-02,1.124,1.1245,00:12:32.793000,127392426,752793
EUR/USD,2019-05-02,1.124,1.1244,00:12:23.184000,127392427,743184
EUR/USD,2019-05-02,1.1242,1.1243,00:12:31.107000,127392428,751107
EUR/USD,2019-05-02,1.1239,1.1244,00:12:29.911000,127392429,749911
EUR/USD,2019-05-02,1.124,1.1245,00:12:28.793000,127392430,748793
EUR/USD,2019-05-02,1.1242,1.1243,00:12:25.470000,127392431,745470
EUR/USD,2019-05-02,1.124,1.1245,00:12:31.934000,127392432,751934
EUR/USD,2019-05-02,1.1242,1.1243,00:12:30.526000,127392433,750526
EUR/USD,2019-05-02,1.1239,1.1244,00:12:30.736000,127392434,750736
EUR/USD,2019-05-02,1.1239,1.1244,00:12:27.973000,127392435,747973
EUR/USD,2019-05-02,1.1239,1.1244,00:12:28.844000,127392436,748844
EUR/USD,2019-05-02,1.124,1.1244,00:12:26.449000,127392437,746449
EUR/USD,2019-05-02,1.1239,1.1244,00:12:36.956000,127392438,756956
EUR/USD,2019-05-02,1.124,1.1243,00:12:34.600000,127392439,754600
EUR/USD,2019-05-02,1.124,1.1244,00:12:34.553000,127392440,754553
EUR/USD,2019-05-02,1.1239,1.1244,00:12:39.014000,127392441,759014
EUR/USD,2019-05-02,1.124,1.1245,00:12:33.963000,127392442,753963
EUR/USD,2019-05-02,1.1241,1.1242,00:12:35.618000,127392443,755618
EUR/USD,2019-05-02,1.1241,1.1242,00:12:36.736000,127392444,756736
EUR/USD,2019-05-02,1.1239,1.1244,00:12:40.738000,127392445,760738
EUR/USD,2019-05-02,1.1239,1.1244,00:12:37.913000,127392446,757913
EUR/USD,2019-05-02,1.124,1.1245,00:12:52.055000,127392447,772055
EUR/USD,2019-05-02,1.1242,1.1243,00:12:51.740000,127392448,771740
EUR/USD,2019-05-02,1.124,1.1244,00:12:46.604000,127392449,766604
EUR/USD,2019-05-02,1.124,1.1245,00:12:53.005000,127392450,773005
EUR/USD,2019-05-02,1.1242,1.1243,00:12:49.109000,127392451,769109
EUR/USD,2019-05-02,1.124,1.1245,00:12:51.183000,127392452,771183
EUR/USD,2019-05-02,1.124,1.1244,00:12:45.596000,127392453,765596
EUR/USD,2019-05-02,1.1242,1.1243,00:12:45.926000,127392454,765926
EUR/USD,2019-05-02,1.124,1.1244,00:12:46.737000,127392455,766737
EUR/USD,2019-05-02,1.124,1.1245,00:12:56.751000,127392456,776751
EUR/USD,2019-05-02,1.1243,1.1244,00:13:00.447000,127392457,780447
EUR/USD,2019-05-02,1.1243,1.1244,00:13:01.739000,127392458,781739
EUR/USD,2019-05-02,1.1241,1.1246,00:13:03.421000,127392459,783421
EUR/USD,2019-05-02,1.1241,1.1244,00:12:59.697000,127392460,779697
EUR/USD,2019-05-02,1.124,1.1244,00:12:59.607000,127392461,779607
EUR/USD,2019-05-02,1.1241,1.1246,00:13:02.358000,127392462,782358
EUR/USD,2019-05-02,1.1241,1.1245,00:13:00.235000,127392463,780235
EUR/USD,2019-05-02,1.1241,1.1242,00:12:56.685000,127392464,776685
EUR/USD,2019-05-02,1.124,1.1245,00:13:04.092000,127392465,784092
EUR/USD,2019-05-02,1.1242,1.1243,00:13:00.278000,127392466,780278
EUR/USD,2019-05-02,1.124,1.1244,00:12:58.608000,127392467,778608
EUR/USD,2019-05-02,1.1241,1.1245,00:13:01.922000,127392468,781922
EUR/USD,2019-05-02,1.124,1.1244,00:13:06.615000,127392469,786615
EUR/USD,2019-05-02,1.1241,1.1245,00:13:14.748000,127392470,794748
EUR/USD,2019-05-02,1.124,1.1244,00:13:05.945000,127392471,785945
EUR/USD,2019-05-02,1.1241,1.1245,00:13:10.673000,127392472,790673
EUR/USD,2019-05-02,1.1242,1.1243,00:13:05.598000,127392473,785598
EUR/USD,2019-05-02,1.1242,1.1243,00:13:06.740000,127392474,786740
EUR/USD,2019-05-02,1.124,1.1245,00:13:05.253000,127392475,785253
EUR/USD,2019-05-02,1.124,1.1245,00:13:06.166000,127392476,786166
EUR/USD,2019-05-02,1.124,1.1245,00:13:21.307000,127392477,801307
EUR/USD,2019-05-02,1.1242,1.1243,00:13:23.999000,127392478,802999
EUR/USD,2019-05-02,1.124,1.1244,00:13:19.689000,127392479,799689
EUR/USD,2019-05-02,1.1241,1.1246,00:13:18.315000,127392480,798315
EUR/USD,2019-05-02,1.124,1.1245,00:13:19.577000,127392481,799577
EUR/USD,2019-05-02,1.1242,1.1243,00:13:20.635000,127392482,800635
EUR/USD,2019-05-02,1.124,1.1245,00:13:20.386000,127392483,800386
EUR/USD,2019-05-02,1.124,1.1244,00:13:17.655000,127392484,797655
EUR/USD,2019-05-02,1.1241,1.1246,00:13:17.547000,127392485,797547
EUR/USD,2019-05-02,1.1242,1.1243,00:13:21.747000,127392486,801747
EUR/USD,2019-05-02,1.1243,1.1244,00:13:15.475000,127392487,795475
EUR/USD,2019-05-02,1.1243,1.1244,00:13:30.644000,127392488,810644
EUR/USD,2019-05-02,1.1242,1.1243,00:13:30.200000,127392489,810200
EUR/USD,2019-05-02,1.1241,1.1244,00:13:34.750000,127392490,814750
EUR/USD,2019-05-02,1.1241,1.1244,00:13:33.547000,127392491,813547
EUR/USD,2019-05-02,1.1241,1.1245,00:13:26.695000,127392492,806695
EUR/USD,2019-05-02,1.1242,1.1243,00:13:27.228000,127392493,807228
EUR/USD,2019-05-02,1.1242,1.1243,00:13:30.750000,127392494,810750
EUR/USD,2019-05-02,1.1242,1.1243,00:13:35.542000,127392495,815542
EUR/USD,2019-05-02,1.1242,1.1243,00:13:38.743000,127392496,818743
EUR/USD,2019-05-02,1.124,1.1244,00:13:39.435000,127392497,819435
EUR/USD,2019-05-02,1.124,1.1244,00:13:42.739000,127392498,822739
EUR/USD,2019-05-02,1.1241,1.1244,00:13:53.269000,127392499,833269
EUR/USD,2019-05-02,1.124,1.1245,00:13:53.913000,127392500,833913
EUR/USD,2019-05-02,1.1241,1.1246,00:13:52.085000,127392501,832085
EUR/USD,2019-05-02,1.124,1.1245,00:13:52.916000,127392502,832916
EUR/USD,2019-05-02,1.1242,1.1243,00:13:53.435000,127392503,833435
EUR/USD,2019-05-02,1.124,1.1244,00:13:55.436000,127392504,835436
EUR/USD,2019-05-02,1.124,1.1245,00:13:55.750000,127392505,835750
EUR/USD,2019-05-02,1.1241,1.1246,00:13:51.059000,127392506,831059
EUR/USD,2019-05-02,1.124,1.1245,00:13:54.817000,127392507,834817
EUR/USD,2019-05-02,1.1241,1.1245,00:13:49.752000,127392508,829752
EUR/USD,2019-05-02,1.1243,1.1244,00:13:48.919000,127392509,828919
EUR/USD,2019-05-02,1.1241,1.1245,00:13:48.460000,127392510,828460
EUR/USD,2019-05-02,1.1242,1.1243,00:14:00.176000,127392511,840176
EUR/USD,2019-05-02,1.1242,1.1243,00:14:00.766000,127392512,840766
EUR/USD,2019-05-02,1.1239,1.1244,00:13:56.936000,127392513,836936
EUR/USD,2019-05-02,1.1241,1.1242,00:13:59.013000,127392514,839013
EUR/USD,2019-05-02,1.1242,1.1243,00:14:03.505000,127392515,843505
EUR/USD,2019-05-02,1.124,1.1245,00:14:03.091000,127392516,843091
EUR/USD,2019-05-02,1.1239,1.1244,00:13:59.131000,127392517,839131
EUR/USD,2019-05-02,1.124,1.1245,00:14:02.226000,127392518,842226
EUR/USD,2019-05-02,1.124,1.1245,00:14:04.109000,127392519,844109
EUR/USD,2019-05-02,1.1242,1.1243,00:14:01.750000,127392520,841750
EUR/USD,2019-05-02,1.124,1.1244,00:14:00.025000,127392521,840025
EUR/USD,2019-05-02,1.1239,1.1244,00:13:58.057000,127392522,838057
EUR/USD,2019-05-02,1.1241,1.1243,00:13:56.418000,127392523,836418
EUR/USD,2019-05-02,1.124,1.1244,00:13:56.518000,127392524,836518
EUR/USD,2019-05-02,1.1241,1.1242,00:14:08.743000,127392525,848743
EUR/USD,2019-05-02,1.124,1.1244,00:14:13.300000,127392526,853300
EUR/USD,2019-05-02,1.1239,1.1244,00:14:15.123000,127392527,855123
EUR/USD,2019-05-02,1.124,1.1245,00:14:13.147000,127392528,853147
EUR/USD,2019-05-02,1.124,1.1245,00:14:12.119000,127392529,852119
EUR/USD,2019-05-02,1.1241,1.1242,00:14:07.653000,127392530,847653
EUR/USD,2019-05-02,1.1239,1.1244,00:14:16.136000,127392531,856136
EUR/USD,2019-05-02,1.1239,1.1244,00:14:08.119000,127392532,848119
EUR/USD,2019-05-02,1.1241,1.1242,00:14:08.536000,127392533,848536
EUR/USD,2019-05-02,1.124,1.1243,00:14:13.341000,127392534,853341
EUR/USD,2019-05-02,1.124,1.1245,00:14:14.228000,127392535,854228
EUR/USD,2019-05-02,1.1239,1.1244,00:14:08.992000,127392536,848992
EUR/USD,2019-05-02,1.124,1.1244,00:14:16.314000,127392537,856314
EUR/USD,2019-05-02,1.1239,1.1244,00:14:07.008000,127392538,847008
EUR/USD,2019-05-02,1.124,1.1244,00:14:23.328000,127392539,863328
EUR/USD,2019-05-02,1.1239,1.1244,00:14:24.207000,127392540,864207
EUR/USD,2019-05-02,1.1239,1.1244,00:14:16.752000,127392541,856752
EUR/USD,2019-05-02,1.124,1.1245,00:14:20.419000,127392542,860419
EUR/USD,2019-05-02,1.124,1.1243,00:14:21.447000,127392543,861447
EUR/USD,2019-05-02,1.1239,1.1244,00:14:17.149000,127392544,857149
EUR/USD,2019-05-02,1.1239,1.1244,00:14:23.748000,127392545,863748
EUR/USD,2019-05-02,1.124,1.1245,00:14:21.128000,127392546,861128
EUR/USD,2019-05-02,1.124,1.1244,00:14:22.346000,127392547,862346
EUR/USD,2019-05-02,1.124,1.1243,00:14:33.582000,127392548,873582
EUR/USD,2019-05-02,1.1242,1.1243,00:14:33.488000,127392549,873488
EUR/USD,2019-05-02,1.124,1.1244,00:14:33.442000,127392550,873442
EUR/USD,2019-05-02,1.1241,1.1242,00:14:30.547000,127392551,870547
EUR/USD,2019-05-02,1.124,1.1242,00:14:26.766000,127392552,866766
EUR/USD,2019-05-02,1.124,1.1243,00:14:35.743000,127392553,875743
EUR/USD,2019-05-02,1.1241,1.1242,00:14:31.741000,127392554,871741
EUR/USD,2019-05-02,1.124,1.1244,00:14:27.354000,127392555,867354
EUR/USD,2019-05-02,1.1241,1.1243,00:14:33.155000,127392556,873155
EUR/USD,2019-05-02,1.1239,1.1243,00:14:45.401000,127392557,885401
EUR/USD,2019-05-02,1.124,1.1244,00:14:40.352000,127392558,880352
EUR/USD,2019-05-02,1.1239,1.1243,00:14:43.969000,127392559,883969
EUR/USD,2019-05-02,1.124,1.1244,00:14:38.343000,127392560,878343
EUR/USD,2019-05-02,1.124,1.1244,00:14:42.368000,127392561,882368
EUR/USD,2019-05-02,1.1239,1.1243,00:14:46.351000,127392562,886351
EUR/USD,2019-05-02,1.124,1.1244,00:14:43.740000,127392563,883740
EUR/USD,2019-05-02,1.124,1.1243,00:14:45.256000,127392564,885256
EUR/USD,2019-05-02,1.1241,1.1242,00:14:38.558000,127392565,878558
EUR/USD,2019-05-02,1.1242,1.1243,00:14:43.650000,127392566,883650
EUR/USD,2019-05-02,1.1239,1.1243,00:14:44.391000,127392567,884391
EUR/USD,2019-05-02,1.124,1.1242,00:14:43.230000,127392568,883230
EUR/USD,2019-05-02,1.124,1.1244,00:14:43.373000,127392569,883373
EUR/USD,2019-05-02,1.1238,1.1243,00:14:54.680000,127392570,894680
EUR/USD,2019-05-02,1.1241,1.1242,00:14:50.754000,127392571,890754
EUR/USD,2019-05-02,1.1239,1.1243,00:14:52.441000,127392572,892441
EUR/USD,2019-05-02,1.1241,1.1242,00:14:48.645000,127392573,888645
EUR/USD,2019-05-02,1.1238,1.1243,00:14:55.688000,127392574,895688
EUR/USD,2019-05-02,1.1238,1.1243,00:14:53.770000,127392575,893770
EUR/USD,2019-05-02,1.1239,1.1241,00:14:54.106000,127392576,894106
EUR/USD,2019-05-02,1.124,1.1243,00:14:53.625000,127392577,893625
EUR/USD,2019-05-02,1.124,1.1241,00:14:54.007000,127392578,894007
EUR/USD,2019-05-02,1.1239,1.1244,00:15:09.132000,127392579,909132
EUR/USD,2019-05-02,1.1239,1.1243,00:15:11.401000,127392580,911401
EUR/USD,2019-05-02,1.1239,1.1243,00:15:20.414000,127392581,920414
EUR/USD,2019-05-02,1.1238,1.1243,00:15:05.917000,127392582,905917
EUR/USD,2019-05-02,1.1238,1.1243,00:15:03.981000,127392583,903981
EUR/USD,2019-05-02,1.1239,1.1243,00:15:14.397000,127392584,914397
EUR/USD,2019-05-02,1.1238,1.1243,00:15:18.082000,127392585,918082
EUR/USD,2019-05-02,1.124,1.1241,00:15:11.651000,127392586,911651
EUR/USD,2019-05-02,1.1239,1.1241,00:15:15.777000,127392587,915777
EUR/USD,2019-05-02,1.124,1.1241,00:15:04.278000,127392588,904278
EUR/USD,2019-05-02,1.124,1.1242,00:15:05.125000,127392589,905125
EUR/USD,2019-05-02,1.1239,1.1244,00:15:01.791000,127392590,901791
EUR/USD,2019-05-02,1.1239,1.1243,00:14:59.423000,127392591,899423
EUR/USD,2019-05-02,1.1238,1.1243,00:15:18.744000,127392592,918744
EUR/USD,2019-05-02,1.1239,1.1243,00:15:08.398000,127392593,908398
EUR/USD,2019-05-02,1.1239,1.1244,00:15:19.139000,127392594,919139
EUR/USD,2019-05-02,1.1241,1.1242,00:14:58.770000,127392595,898770
EUR/USD,2019-05-02,1.1238,1.1243,00:14:58.743000,127392596,898743
EUR/USD,2019-05-02,1.1239,1.1243,00:15:16.401000,127392597,916401
EUR/USD,2019-05-02,1.1241,1.1242,00:15:00.306000,127392598,900306
EUR/USD,2019-05-02,1.124,1.1242,00:15:17.819000,127392599,917819
EUR/USD,2019-05-02,1.124,1.1241,00:15:16.007000,127392600,916007
EUR/USD,2019-05-02,1.1239,1.1244,00:15:20.264000,127392601,920264
EUR/USD,2019-05-02,1.124,1.1241,00:15:09.669000,127392602,909669
EUR/USD,2019-05-02,1.1239,1.1243,00:15:12.741000,127392603,912741
EUR/USD,2019-05-02,1.1239,1.1244,00:15:09.950000,127392604,909950
EUR/USD,2019-05-02,1.1241,1.1242,00:15:08.496000,127392605,908496
EUR/USD,2019-05-02,1.1239,1.1243,00:15:13.241000,127392606,913241
EUR/USD,2019-05-02,1.1238,1.1243,00:15:04.853000,127392607,904853
EUR/USD,2019-05-02,1.1239,1.1243,00:15:09.752000,127392608,909752
EUR/USD,2019-05-02,1.1238,1.1243,00:15:17.020000,127392609,917020
EUR/USD,2019-05-02,1.1239,1.1243,00:14:58.384000,127392610,898384
EUR/USD,2019-05-02,1.1239,1.1243,00:15:10.490000,127392611,910490
EUR/USD,2019-05-02,1.1239,1.1243,00:15:17.411000,127392612,917411
EUR/USD,2019-05-02,1.124,1.1242,00:15:13.146000,127392613,913146
EUR/USD,2019-05-02,1.1239,1.1243,00:15:15.425000,127392614,915425
EUR/USD,2019-05-02,1.1239,1.1242,00:15:15.923000,127392615,915923
EUR/USD,2019-05-02,1.1241,1.1242,00:15:20.573000,127392616,920573
EUR/USD,2019-05-02,1.1239,1.1244,00:15:02.921000,127392617,902921
EUR/USD,2019-05-02,1.1239,1.1244,00:15:07.961000,127392618,907961
EUR/USD,2019-05-02,1.1239,1.1243,00:15:07.434000,127392619,907434
EUR/USD,2019-05-02,1.1239,1.1244,00:15:03.743000,127392620,903743
EUR/USD,2019-05-02,1.124,1.1241,00:15:25.583000,127392621,925583
EUR/USD,2019-05-02,1.1239,1.1243,00:15:30.421000,127392622,930421
EUR/USD,2019-05-02,1.1239,1.1244,00:15:21.221000,127392623,921221
EUR/USD,2019-05-02,1.1241,1.1242,00:15:30.238000,127392624,930238
EUR/USD,2019-05-02,1.1239,1.1243,00:15:27.451000,127392625,927451
EUR/USD,2019-05-02,1.1239,1.1242,00:15:26.745000,127392626,926745
EUR/USD,2019-05-02,1.1241,1.1242,00:15:22.990000,127392627,922990
EUR/USD,2019-05-02,1.1239,1.1243,00:15:28.432000,127392628,928432
EUR/USD,2019-05-02,1.1239,1.1243,00:15:29.475000,127392629,929475
EUR/USD,2019-05-02,1.1239,1.1242,00:15:23.369000,127392630,923369
EUR/USD,2019-05-02,1.1241,1.1242,00:15:30.624000,127392631,930624
EUR/USD,2019-05-02,1.1239,1.1243,00:15:26.423000,127392632,926423
EUR/USD,2019-05-02,1.1239,1.1243,00:15:34.440000,127392633,934440
EUR/USD,2019-05-02,1.1239,1.1243,00:15:40.982000,127392634,940982
EUR/USD,2019-05-02,1.124,1.1244,00:15:35.432000,127392635,935432
EUR/USD,2019-05-02,1.1241,1.1242,00:15:33.742000,127392636,933742
EUR/USD,2019-05-02,1.124,1.1244,00:15:33.461000,127392637,933461
EUR/USD,2019-05-02,1.124,1.1243,00:15:35.794000,127392638,935794
EUR/USD,2019-05-02,1.124,1.1241,00:15:48.752000,127392639,948752
EUR/USD,2019-05-02,1.1241,1.1242,00:15:47.298000,127392640,947298
EUR/USD,2019-05-02,1.1239,1.1243,00:15:43.081000,127392641,943081
EUR/USD,2019-05-02,1.1239,1.1243,00:15:42.745000,127392642,942745
EUR/USD,2019-05-02,1.1239,1.1241,00:15:44.160000,127392643,944160
EUR/USD,2019-05-02,1.124,1.1241,00:15:45.649000,127392644,945649
EUR/USD,2019-05-02,1.1239,1.1244,00:15:58.701000,127392645,958701
EUR/USD,2019-05-02,1.1241,1.1242,00:16:00.288000,127392646,960288
EUR/USD,2019-05-02,1.1241,1.1242,00:15:57.918000,127392647,957918
EUR/USD,2019-05-02,1.124,1.1245,00:15:54.794000,127392648,954794
EUR/USD,2019-05-02,1.124,1.1245,00:15:55.714000,127392649,955714
EUR/USD,2019-05-02,1.124,1.1241,00:15:53.757000,127392650,953757
EUR/USD,2019-05-02,1.1241,1.1242,00:15:59.757000,127392651,959757
EUR/USD,2019-05-02,1.124,1.1244,00:15:56.807000,127392652,956807
EUR/USD,2019-05-02,1.124,1.1244,00:15:52.800000,127392653,952800
EUR/USD,2019-05-02,1.1242,1.1243,00:15:53.167000,127392654,953167
EUR/USD,2019-05-02,1.124,1.1242,00:15:54.003000,127392655,954003
EUR/USD,2019-05-02,1.1241,1.1242,00:16:01.835000,127392656,961835
EUR/USD,2019-05-02,1.124,1.1244,00:15:57.795000,127392657,957795
EUR/USD,2019-05-02,1.124,1.1243,00:15:55.920000,127392658,955920
EUR/USD,2019-05-02,1.1239,1.1244,00:15:57.641000,127392659,957641
EUR/USD,2019-05-02,1.1239,1.1244,00:15:56.587000,127392660,956587
EUR/USD,2019-05-02,1.124,1.1244,00:16:09.822000,127392661,969822
EUR/USD,2019-05-02,1.124,1.1245,00:16:11.957000,127392662,971957
EUR/USD,2019-05-02,1.124,1.1245,00:16:12.919000,127392663,972919
EUR/USD,2019-05-02,1.1241,1.1242,00:16:04.756000,127392664,964756
EUR/USD,2019-05-02,1.124,1.1244,00:16:13.193000,127392665,973193
EUR/USD,2019-05-02,1.1242,1.1243,00:16:10.514000,127392666,970514
EUR/USD,2019-05-02,1.1241,1.1242,00:16:09.672000,127392667,969672
EUR/USD,2019-05-02,1.124,1.1245,00:16:21.023000,127392668,981023
EUR/USD,2019-05-02,1.124,1.1243,00:16:18.758000,127392669,978758
EUR/USD,2019-05-02,1.1241,1.1242,00:16:16.221000,127392670,976221
EUR/USD,2019-05-02,1.124,1.1244,00:16:18.815000,127392671,978815
EUR/USD,2019-05-02,1.1239,1.1244,00:16:14.805000,127392672,974805
EUR/USD,2019-05-02,1.1242,1.1243,00:16:19.438000,127392673,979438
EUR/USD,2019-05-02,1.124,1.1245,00:16:22.085000,127392674,982085
EUR/USD,2019-05-02,1.1239,1.1244,00:16:23.007000,127392675,983007
EUR/USD,2019-05-02,1.1239,1.1244,00:16:15.967000,127392676,975967
EUR/USD,2019-05-02,1.124,1.1244,00:16:20.745000,127392677,980745
EUR/USD,2019-05-02,1.1241,1.1244,00:16:23.262000,127392678,983262
EUR/USD,2019-05-02,1.1239,1.1244,00:16:13.920000,127392679,973920
EUR/USD,2019-05-02,1.1241,1.1242,00:16:14.722000,127392680,974722
EUR/USD,2019-05-02,1.1239,1.1244,00:16:15.758000,127392681,975758
EUR/USD,2019-05-02,1.1242,1.1243,00:16:32.438000,127392682,992438
EUR/USD,2019-05-02,1.1241,1.1242,00:16:24.638000,127392683,984638
EUR/USD,2019-05-02,1.1242,1.1243,00:16:32.917000,127392684,992917
EUR/USD,2019-05-02,1.1239,1.1244,00:16:25.756000,127392685,985756
EUR/USD,2019-05-02,1.1239,1.1244,00:16:24.979000,127392686,984979
EUR/USD,2019-05-02,1.1239,1.1244,00:16:24.015000,127392687,984015
EUR/USD,2019-05-02,1.124,1.1244,00:16:38.925000,127392688,998925
EUR/USD,2019-05-02,1.124,1.1245,00:16:36.747000,127392689,996747
EUR/USD,2019-05-02,1.1241,1.1243,00:16:35.944000,127392690,995944
EUR/USD,2019-05-02,1.124,1.1244,00:16:42.939000,127392691,1002939
EUR/USD,2019-05-02,1.124,1.1245,00:16:35.094000,127392692,995094
EUR/USD,2019-05-02,1.1241,1.1244,00:16:39.740000,127392693,999740
EUR/USD,2019-05-02,1.124,1.1245,00:16:34.178000,127392694,994178
EUR/USD,2019-05-02,1.124,1.1244,00:16:37.930000,127392695,997930
EUR/USD,2019-05-02,1.124,1.1244,00:16:34.922000,127392696,994922
EUR/USD,2019-05-02,1.124,1.1245,00:16:36.205000,127392697,996205
EUR/USD,2019-05-02,1.1241,1.1244,00:16:41.756000,127392698,1001756
EUR/USD,2019-05-02,1.124,1.1244,00:16:37.053000,127392699,997053
EUR/USD,2019-05-02,1.124,1.1244,00:16:43.857000,127392700,1003857
EUR/USD,2019-05-02,1.1241,1.1246,00:16:49.476000,127392701,1009476
EUR/USD,2019-05-02,1.1243,1.1244,00:16:47.423000,127392702,1007423
EUR/USD,2019-05-02,1.1241,1.1245,00:16:44.841000,127392703,1004841
EUR/USD,2019-05-02,1.124,1.1245,00:16:53.288000,127392704,1013288
EUR/USD,2019-05-02,1.1243,1.1244,00:16:50.758000,127392705,1010758
EUR/USD,2019-05-02,1.124,1.1245,00:16:52.278000,127392706,1012278
EUR/USD,2019-05-02,1.1242,1.1243,00:16:52.472000,127392707,1012472
EUR/USD,2019-05-02,1.1241,1.1245,00:16:45.184000,127392708,1005184
EUR/USD,2019-05-02,1.1241,1.1245,00:16:50.975000,127392709,1010975
EUR/USD,2019-05-02,1.124,1.1245,00:16:51.457000,127392710,1011457
EUR/USD,2019-05-02,1.1242,1.1243,00:16:54.129000,127392711,1014129
EUR/USD,2019-05-02,1.1241,1.1246,00:16:50.387000,127392712,1010387
EUR/USD,2019-05-02,1.1241,1.1244,00:16:59.188000,127392713,1019188
EUR/USD,2019-05-02,1.1242,1.1243,00:17:00.203000,127392714,1020203
EUR/USD,2019-05-02,1.1242,1.1243,00:16:56.756000,127392715,1016756
EUR/USD,2019-05-02,1.1241,1.1245,00:17:00.053000,127392716,1020053
EUR/USD,2019-05-02,1.124,1.1242,00:17:04.027000,127392717,1024027
EUR/USD,2019-05-02,1.124,1.1244,00:17:02.924000,127392718,1022924
EUR/USD,2019-05-02,1.1241,1.1245,00:17:03.932000,127392719,1023932
EUR/USD,2019-05-02,1.1243,1.1244,00:17:14.962000,127392720,1034962
EUR/USD,2019-05-02,1.124,1.1244,00:17:04.924000,127392721,1024924
EUR/USD,2019-05-02,1.124,1.1244,00:17:10.758000,127392722,1030758
EUR/USD,2019-05-02,1.124,1.1244,00:17:12.929000,127392723,1032929
EUR/USD,2019-05-02,1.1242,1.1243,00:17:04.756000,127392724,1024756
EUR/USD,2019-05-02,1.1243,1.1244,00:17:14.485000,127392725,1034485
EUR/USD,2019-05-02,1.124,1.1244,00:17:11.923000,127392726,1031923
EUR/USD,2019-05-02,1.1241,1.1244,00:17:21.617000,127392727,1041617
EUR/USD,2019-05-02,1.1241,1.1245,00:17:20.760000,127392728,1040760
EUR/USD,2019-05-02,1.1242,1.1244,00:17:16.925000,127392729,1036925
EUR/USD,2019-05-02,1.124,1.1244,00:17:21.932000,127392730,1041932
EUR/USD,2019-05-02,1.1241,1.1246,00:17:16.832000,127392731,1036832
EUR/USD,2019-05-02,1.1241,1.1245,00:17:23.931000,127392732,1043931
EUR/USD,2019-05-02,1.124,1.1245,00:17:17.747000,127392733,1037747
EUR/USD,2019-05-02,1.1241,1.1245,00:17:15.961000,127392734,1035961
EUR/USD,2019-05-02,1.124,1.1244,00:17:15.193000,127392735,1035193
EUR/USD,2019-05-02,1.124,1.1245,00:17:19.836000,127392736,1039836
EUR/USD,2019-05-02,1.124,1.1245,00:17:18.858000,127392737,1038858
EUR/USD,2019-05-02,1.1241,1.1246,00:17:15.762000,127392738,1035762
EUR/USD,2019-05-02,1.1241,1.1243,00:17:23.195000,127392739,1043195
EUR/USD,2019-05-02,1.1242,1.1243,00:17:30.079000,127392740,1050079
EUR/USD,2019-05-02,1.1241,1.1242,00:17:25.953000,127392741,1045953
EUR/USD,2019-05-02,1.1242,1.1243,00:17:30.461000,127392742,1050461
EUR/USD,2019-05-02,1.1241,1.1242,00:17:27.755000,127392743,1047755
EUR/USD,2019-05-02,1.1241,1.1245,00:17:31.944000,127392744,1051944
EUR/USD,2019-05-02,1.1241,1.1245,00:17:27.943000,127392745,1047943
EUR/USD,2019-05-02,1.1242,1.1243,00:17:30.104000,127392746,1050104
EUR/USD,2019-05-02,1.1241,1.1242,00:17:26.326000,127392747,1046326
EUR/USD,2019-05-02,1.1243,1.1244,00:17:45.646000,127392748,1065646
EUR/USD,2019-05-02,1.1242,1.1243,00:17:39.673000,127392749,1059673
EUR/USD,2019-05-02,1.1241,1.1244,00:17:41.572000,127392750,1061572
EUR/USD,2019-05-02,1.1241,1.1246,00:17:39.039000,127392751,1059039
EUR/USD,2019-05-02,1.124,1.1245,00:17:44.209000,127392752,1064209
EUR/USD,2019-05-02,1.1241,1.1245,00:17:43.935000,127392753,1063935
EUR/USD,2019-05-02,1.1241,1.1246,00:17:45.067000,127392754,1065067
EUR/USD,2019-05-02,1.1241,1.1246,00:17:37.209000,127392755,1057209
EUR/USD,2019-05-02,1.1242,1.1243,00:17:40.314000,127392756,1060314
EUR/USD,2019-05-02,1.124,1.1245,00:17:43.220000,127392757,1063220
EUR/USD,2019-05-02,1.1241,1.1245,00:17:36.931000,127392758,1056931
EUR/USD,2019-05-02,1.1241,1.1244,00:17:43.750000,127392759,1063750
EUR/USD,2019-05-02,1.1243,1.1244,00:17:35.675000,127392760,1055675
EUR/USD,2019-05-02,1.1242,1.1245,00:17:39.272000,127392761,1059272
EUR/USD,2019-05-02,1.1242,1.1243,00:17:40.648000,127392762,1060648
EUR/USD,2019-05-02,1.1241,1.1246,00:17:38.168000,127392763,1058168
EUR/USD,2019-05-02,1.1241,1.1245,00:17:35.934000,127392764,1055934
EUR/USD,2019-05-02,1.1241,1.1245,00:17:44.934000,127392765,1064934
EUR/USD,2019-05-02,1.1242,1.1244,00:17:44.544000,127392766,1064544
EUR/USD,2019-05-02,1.1241,1.1245,00:17:45.094000,127392767,1065094
EUR/USD,2019-05-02,1.1242,1.1244,00:17:44.025000,127392768,1064025
EUR/USD,2019-05-02,1.1241,1.1246,00:17:46.148000,127392769,1066148
EUR/USD,2019-05-02,1.1241,1.1243,00:17:53.995000,127392770,1073995
EUR/USD,2019-05-02,1.1243,1.1244,00:17:54.184000,127392771,1074184
EUR/USD,2019-05-02,1.124,1.1245,00:17:50.348000,127392772,1070348
EUR/USD,2019-05-02,1.1241,1.1245,00:17:50.985000,127392773,1070985
EUR/USD,2019-05-02,1.1241,1.1245,00:17:52.940000,127392774,1072940
EUR/USD,2019-05-02,1.124,1.1244,00:17:54.935000,127392775,1074935
EUR/USD,2019-05-02,1.1242,1.1243,00:17:50.969000,127392776,1070969
EUR/USD,2019-05-02,1.1241,1.1245,00:17:48.945000,127392777,1068945
EUR/USD,2019-05-02,1.1241,1.1245,00:17:50.763000,127392778,1070763
EUR/USD,2019-05-02,1.124,1.1245,00:17:52.441000,127392779,1072441
EUR/USD,2019-05-02,1.124,1.1245,00:17:51.371000,127392780,1071371
EUR/USD,2019-05-02,1.1241,1.1245,00:17:53.934000,127392781,1073934
EUR/USD,2019-05-02,1.1241,1.1243,00:17:46.072000,127392782,1066072
EUR/USD,2019-05-02,1.1241,1.1245,00:17:51.940000,127392783,1071940
EUR/USD,2019-05-02,1.124,1.1244,00:17:55.951000,127392784,1075951
EUR/USD,2019-05-02,1.1241,1.1246,00:17:47.350000,127392785,1067350
EUR/USD,2019-05-02,1.1241,1.1245,00:17:49.939000,127392786,1069939
EUR/USD,2019-05-02,1.1241,1.1245,00:17:58.967000,127392787,1078967
EUR/USD,2019-05-02,1.1241,1.1245,00:18:03.938000,127392788,1083938
EUR/USD,2019-05-02,1.1241,1.1244,00:18:01.278000,127392789,1081278
EUR/USD,2019-05-02,1.1241,1.1246,00:18:04.490000,127392790,1084490
EUR/USD,2019-05-02,1.1242,1.1243,00:18:00.140000,127392791,1080140
EUR/USD,2019-05-02,1.1241,1.1244,00:18:01.582000,127392792,1081582
EUR/USD,2019-05-02,1.124,1.1245,00:17:57.418000,127392793,1077418
EUR/USD,2019-05-02,1.1241,1.1246,00:18:05.549000,127392794,1085549
EUR/USD,2019-05-02,1.1239,1.1244,00:17:56.632000,127392795,1076632
EUR/USD,2019-05-02,1.1241,1.1245,00:18:00.752000,127392796,1080752
EUR/USD,2019-05-02,1.1242,1.1243,00:18:01.567000,127392797,1081567
EUR/USD,2019-05-02,1.124,1.1245,00:18:06.480000,127392798,1086480
EUR/USD,2019-05-02,1.1241,1.1242,00:17:57.176000,127392799,1077176
EUR/USD,2019-05-02,1.124,1.1244,00:17:56.936000,127392800,1076936
EUR/USD,2019-05-02,1.1242,1.1243,00:18:01.925000,127392801,1081925
EUR/USD,2019-05-02,1.124,1.1245,00:18:11.767000,127392802,1091767
EUR/USD,2019-05-02,1.1241,1.1246,00:18:08.661000,127392803,1088661
EUR/USD,2019-05-02,1.124,1.1245,00:18:07.489000,127392804,1087489
EUR/USD,2019-05-02,1.1242,1.1243,00:18:12.033000,127392805,1092033
EUR/USD,2019-05-02,1.1243,1.1244,00:18:16.481000,127392806,1096481
EUR/USD,2019-05-02,1.1242,1.1243,00:18:12.414000,127392807,1092414
EUR/USD,2019-05-02,1.124,1.1245,00:18:16.711000,127392808,1096711
EUR/USD,2019-05-02,1.124,1.1245,00:18:12.730000,127392809,1092730
EUR/USD,2019-05-02,1.1242,1.1245,00:18:13.264000,127392810,1093264
EUR/USD,2019-05-02,1.1241,1.1246,00:18:13.592000,127392811,1093592
EUR/USD,2019-05-02,1.1241,1.1245,00:18:15.977000,127392812,1095977
EUR/USD,2019-05-02,1.1241,1.1246,00:18:15.757000,127392813,1095757
EUR/USD,2019-05-02,1.1241,1.1246,00:18:09.628000,127392814,1089628
EUR/USD,2019-05-02,1.124,1.1245,00:18:10.649000,127392815,1090649
EUR/USD,2019-05-02,1.1241,1.1245,00:18:11.010000,127392816,1091010
EUR/USD,2019-05-02,1.1241,1.1245,00:18:15.139000,127392817,1095139
EUR/USD,2019-05-02,1.124,1.1245,00:18:09.760000,127392818,1089760
EUR/USD,2019-05-02,1.1241,1.1246,00:18:14.801000,127392819,1094801
EUR/USD,2019-05-02,1.124,1.1245,00:18:15.682000,127392820,1095682
EUR/USD,2019-05-02,1.1242,1.1243,00:18:21.668000,127392821,1101668
EUR/USD,2019-05-02,1.1241,1.1246,00:18:26.692000,127392822,1106692
EUR/USD,2019-05-02,1.1243,1.1244,00:18:26.498000,127392823,1106498
EUR/USD,2019-05-02,1.1242,1.1243,00:18:26.757000,127392824,1106757
EUR/USD,2019-05-02,1.1241,1.1246,00:18:27.842000,127392825,1107842
EUR/USD,2019-05-02,1.1241,1.1244,00:18:21.713000,127392826,1101713
EUR/USD,2019-05-02,1.1242,1.1243,00:18:24.022000,127392827,1104022
EUR/USD,2019-05-02,1.124,1.1245,00:18:17.821000,127392828,1097821
EUR/USD,2019-05-02,1.1241,1.1246,00:18:25.714000,127392829,1105714
EUR/USD,2019-05-02,1.1241,1.1244,00:18:23.403000,127392830,1103403
EUR/USD,2019-05-02,1.124,1.1245,00:18:20.758000,127392831,1100758
EUR/USD,2019-05-02,1.1241,1.1246,00:18:34.759000,127392832,1114759
EUR/USD,2019-05-02,1.124,1.1245,00:18:34.089000,127392833,1114089
EUR/USD,2019-05-02,1.1242,1.1243,00:18:29.749000,127392834,1109749
EUR/USD,2019-05-02,1.124,1.1245,00:18:30.977000,127392835,1110977
EUR/USD,2019-05-02,1.1242,1.1243,00:18:30.180000,127392836,1110180
EUR/USD,2019-05-02,1.1242,1.1243,00:18:36.467000,127392837,1116467
EUR/USD,2019-05-02,1.124,1.1243,00:18:31.158000,127392838,1111158
EUR/USD,2019-05-02,1.124,1.1245,00:18:36.089000,127392839,1116089
EUR/USD,2019-05-02,1.1241,1.1242,00:18:31.498000,127392840,1111498
EUR/USD,2019-05-02,1.124,1.1245,00:18:35.114000,127392841,1115114
EUR/USD,2019-05-02,1.1241,1.1246,00:18:31.814000,127392842,1111814
EUR/USD,2019-05-02,1.124,1.1245,00:18:29.782000,127392843,1109782
EUR/USD,2019-05-02,1.124,1.1244,00:18:32.956000,127392844,1112956
EUR/USD,2019-05-02,1.1242,1.1243,00:18:30.163000,127392845,1110163
EUR/USD,2019-05-02,1.1242,1.1243,00:18:43.294000,127392846,1123294
EUR/USD,2019-05-02,1.1241,1.1242,00:18:39.688000,127392847,1119688
EUR/USD,2019-05-02,1.124,1.1244,00:18:45.346000,127392848,1125346
EUR/USD,2019-05-02,1.1242,1.1243,00:18:39.761000,127392849,1119761
EUR/USD,2019-05-02,1.1241,1.1244,00:18:41.853000,127392850,1121853
EUR/USD,2019-05-02,1.124,1.1244,00:18:45.228000,127392851,1125228
EUR/USD,2019-05-02,1.124,1.1244,00:18:47.763000,127392852,1127763
EUR/USD,2019-05-02,1.124,1.1244,00:18:44.362000,127392853,1124362
EUR/USD,2019-05-02,1.124,1.1244,00:18:41.347000,127392854,1121347
EUR/USD,2019-05-02,1.1241,1.1246,00:18:58.275000,127392855,1138275
EUR/USD,2019-05-02,1.124,1.1244,00:18:52.363000,127392856,1132363
EUR/USD,2019-05-02,1.1243,1.1244,00:18:56.729000,127392857,1136729
EUR/USD,2019-05-02,1.124,1.1244,00:18:54.369000,127392858,1134369
EUR/USD,2019-05-02,1.124,1.1244,00:18:53.352000,127392859,1133352
EUR/USD,2019-05-02,1.1241,1.1245,00:18:56.371000,127392860,1136371
EUR/USD,2019-05-02,1.124,1.1245,00:19:00.276000,127392861,1140276
EUR/USD,2019-05-02,1.1241,1.1245,00:19:02.747000,127392862,1142747
EUR/USD,2019-05-02,1.1241,1.1244,00:19:02.102000,127392863,1142102
EUR/USD,2019-05-02,1.1241,1.1245,00:19:06.749000,127392864,1146749
EUR/USD,2019-05-02,1.1242,1.1243,00:19:00.271000,127392865,1140271
EUR/USD,2019-05-02,1.1241,1.1245,00:19:08.381000,127392866,1148381
EUR/USD,2019-05-02,1.1241,1.1246,00:18:59.282000,127392867,1139282
EUR/USD,2019-05-02,1.1241,1.1246,00:19:04.332000,127392868,1144332
EUR/USD,2019-05-02,1.124,1.1245,00:19:02.341000,127392869,1142341
EUR/USD,2019-05-02,1.1241,1.1246,00:19:03.264000,127392870,1143264
EUR/USD,2019-05-02,1.1241,1.1245,00:19:04.403000,127392871,1144403
EUR/USD,2019-05-02,1.124,1.1245,00:19:05.303000,127392872,1145303
EUR/USD,2019-05-02,1.124,1.1245,00:19:07.275000,127392873,1147275
EUR/USD,2019-05-02,1.1241,1.1245,00:19:00.384000,127392874,1140384
EUR/USD,2019-05-02,1.1242,1.1243,00:19:01.639000,127392875,1141639
EUR/USD,2019-05-02,1.124,1.1245,00:19:06.309000,127392876,1146309
EUR/USD,2019-05-02,1.1242,1.1243,00:19:06.171000,127392877,1146171
EUR/USD,2019-05-02,1.1243,1.1244,00:19:07.205000,127392878,1147205
EUR/USD,2019-05-02,1.124,1.1245,00:19:01.332000,127392879,1141332
EUR/USD,2019-05-02,1.1241,1.1246,00:19:18.680000,127392880,1158680
EUR/USD,2019-05-02,1.1241,1.1245,00:19:11.394000,127392881,1151394
EUR/USD,2019-05-02,1.1242,1.1245,00:19:19.273000,127392882,1159273
EUR/USD,2019-05-02,1.1241,1.1245,00:19:10.765000,127392883,1150765
EUR/USD,2019-05-02,1.1244,1.1245,00:19:18.137000,127392884,1158137
EUR/USD,2019-05-02,1.1241,1.1245,00:19:13.410000,127392885,1153410
EUR/USD,2019-05-02,1.1241,1.1245,00:19:16.761000,127392886,1156761
EUR/USD,2019-05-02,1.1241,1.1246,00:19:19.514000,127392887,1159514
EUR/USD,2019-05-02,1.1241,1.1245,00:19:12.415000,127392888,1152415
EUR/USD,2019-05-02,1.1242,1.1246,00:19:17.779000,127392889,1157779
EUR/USD,2019-05-02,1.1241,1.1245,00:19:15.250000,127392890,1155250
EUR/USD,2019-05-02,1.124,1.1245,00:19:27.728000,127392891,1167728
EUR/USD,2019-05-02,1.1242,1.1244,00:19:25.360000,127392892,1165360
EUR/USD,2019-05-02,1.124,1.1245,00:19:21.651000,127392893,1161651
EUR/USD,2019-05-02,1.1241,1.1246,00:19:25.785000,127392894,1165785
EUR/USD,2019-05-02,1.1242,1.1245,00:19:21.970000,127392895,1161970
EUR/USD,2019-05-02,1.124,1.1245,00:19:29.804000,127392896,1169804
EUR/USD,2019-05-02,1.1242,1.1244,00:19:24.197000,127392897,1164197
EUR/USD,2019-05-02,1.1243,1.1244,00:19:24.759000,127392898,1164759
EUR/USD,2019-05-02,1.1241,1.1246,00:19:23.734000,127392899,1163734
EUR/USD,2019-05-02,1.1241,1.1246,00:19:20.787000,127392900,1160787
EUR/USD,2019-05-02,1.1243,1.1244,00:19:22.567000,127392901,1162567
EUR/USD,2019-05-02,1.1243,1.1244,00:19:30.172000,127392902,1170172
EUR/USD,2019-05-02,1.1242,1.1243,00:19:27.658000,127392903,1167658
EUR/USD,2019-05-02,1.1241,1.1243,00:19:26.226000,127392904,1166226
EUR/USD,2019-05-02,1.124,1.1245,00:19:22.516000,127392905,1162516
EUR/USD,2019-05-02,1.124,1.1245,00:19:28.682000,127392906,1168682
EUR/USD,2019-05-02,1.1241,1.1246,00:19:32.924000,127392907,1172924
EUR/USD,2019-05-02,1.124,1.1245,00:19:36.751000,127392908,1176751
EUR/USD,2019-05-02,1.124,1.1245,00:19:33.795000,127392909,1173795
EUR/USD,2019-05-02,1.1241,1.1246,00:19:37.926000,127392910,1177926
EUR/USD,2019-05-02,1.1242,1.1244,00:19:35.275000,127392911,1175275
EUR/USD,2019-05-02,1.1242,1.1247,00:19:40.765000,127392912,1180765
EUR/USD,2019-05-02,1.1242,1.1247,00:19:39.854000,127392913,1179854
EUR/USD,2019-05-02,1.124,1.1245,00:19:34.655000,127392914,1174655
EUR/USD,2019-05-02,1.1243,1.1244,00:19:39.689000,127392915,1179689
EUR/USD,2019-05-02,1.1241,1.1246,00:19:31.816000,127392916,1171816
EUR/USD,2019-05-02,1.1242,1.1247,00:19:38.847000,127392917,1178847
EUR/USD,2019-05-02,1.1243,1.1246,00:19:39.266000,127392918,1179266
EUR/USD,2019-05-02,1.1242,1.1246,00:19:37.549000,127392919,1177549
EUR/USD,2019-05-02,1.1242,1.1246,00:19:36.548000,127392920,1176548
EUR/USD,2019-05-02,1.1243,1.1244,00:19:40.139000,127392921,1180139
EUR/USD,2019-05-02,1.124,1.1245,00:19:35.815000,127392922,1175815
EUR/USD,2019-05-02,1.1241,1.1243,00:19:37.256000,127392923,1177256
EUR/USD,2019-05-02,1.1243,1.1245,00:19:43.271000,127392924,1183271
EUR/USD,2019-05-02,1.1241,1.1246,00:19:47.924000,127392925,1187924
EUR/USD,2019-05-02,1.1243,1.1244,00:19:47.666000,127392926,1187666
EUR/USD,2019-05-02,1.1242,1.1246,00:19:49.812000,127392927,1189812
EUR/USD,2019-05-02,1.1242,1.1247,00:19:41.106000,127392928,1181106
EUR/USD,2019-05-02,1.1242,1.1246,00:19:47.575000,127392929,1187575
EUR/USD,2019-05-02,1.1241,1.1246,00:19:48.932000,127392930,1188932
EUR/USD,2019-05-02,1.1243,1.1246,00:19:42.145000,127392931,1182145
EUR/USD,2019-05-02,1.1241,1.1246,00:19:46.163000,127392932,1186163
EUR/USD,2019-05-02,1.1244,1.1245,00:19:42.539000,127392933,1182539
EUR/USD,2019-05-02,1.1242,1.1246,00:19:45.207000,127392934,1185207
EUR/USD,2019-05-02,1.1242,1.1244,00:19:44.296000,127392935,1184296
EUR/USD,2019-05-02,1.1241,1.1246,00:19:48.763000,127392936,1188763
EUR/USD,2019-05-02,1.1242,1.1247,00:20:01.284000,127392937,1201284
EUR/USD,2019-05-02,1.1244,1.1245,00:19:52.491000,127392938,1192491
EUR/USD,2019-05-02,1.1241,1.1245,00:20:26.796000,127392939,1226796
EUR/USD,2019-05-02,1.1242,1.1243,00:20:07.669000,127392940,1207669
EUR/USD,2019-05-02,1.1241,1.1246,00:20:23.767000,127392941,1223767
EUR/USD,2019-05-02,1.1243,1.1244,00:19:57.680000,127392942,1197680
EUR/USD,2019-05-02,1.1242,1.1244,00:19:58.061000,127392943,1198061
EUR/USD,2019-05-02,1.1242,1.1247,00:20:25.778000,127392944,1225778
EUR/USD,2019-05-02,1.1242,1.1245,00:20:01.374000,127392945,1201374
EUR/USD,2019-05-02,1.1242,1.1247,00:19:55.010000,127392946,1195010
EUR/USD,2019-05-02,1.1242,1.1247,00:20:14.617000,127392947,1214617
EUR/USD,2019-05-02,1.1242,1.1245,00:20:02.237000,127392948,1202237
EUR/USD,2019-05-02,1.1241,1.1246,00:20:28.689000,127392949,1228689
EUR/USD,2019-05-02,1.1242,1.1246,00:20:19.803000,127392950,1219803
EUR/USD,2019-05-02,1.1242,1.1247,00:20:03.136000,127392951,1203136
EUR/USD,2019-05-02,1.1241,1.1246,00:20:13.403000,127392952,1213403
EUR/USD,2019-05-02,1.1243,1.1244,00:20:17.619000,127392953,1217619
EUR/USD,2019-05-02,1.1242,1.1247,00:19:52.928000,127392954,1192928
EUR/USD,2019-05-02,1.1243,1.1248,00:20:07.648000,127392955,1207648
EUR/USD,2019-05-02,1.1242,1.1247,00:19:59.318000,127392956,1199318
EUR/USD,2019-05-02,1.1241,1.1243,00:20:06.350000,127392957,1206350
EUR/USD,2019-05-02,1.1241,1.1246,00:20:20.637000,127392958,1220637
EUR/USD,2019-05-02,1.1241,1.1245,00:20:27.949000,127392959,1227949
EUR/USD,2019-05-02,1.1244,1.1245,00:20:05.352000,127392960,1205352
EUR/USD,2019-05-02,1.1242,1.1247,00:20:16.526000,127392961,1216526
EUR/USD,2019-05-02,1.1242,1.1246,00:20:01.762000,127392962,1201762
EUR/USD,2019-05-02,1.1242,1.1247,00:20:11.329000,127392963,1211329
EUR/USD,2019-05-02,1.1242,1.1245,00:20:25.934000,127392964,1225934
EUR/USD,2019-05-02,1.1241,1.1246,00:20:12.485000,127392965,1212485
EUR/USD,2019-05-02,1.1242,1.1246,00:20:24.799000,127392966,1224799
EUR/USD,2019-05-02,1.1242,1.1247,00:19:55.752000,127392967,1195752
EUR/USD,2019-05-02,1.1241,1.1246,00:20:15.394000,127392968,1215394
EUR/USD,2019-05-02,1.1242,1.1246,00:20:00.764000,127392969,1200764
EUR/USD,2019-05-02,1.1243,1.1244,00:20:00.442000,127392970,1200442
EUR/USD,2019-05-02,1.1242,1.1247,00:20:17.467000,127392971,1217467
EUR/USD,2019-05-02,1.1242,1.1246,00:20:04.771000,127392972,1204771
EUR/USD,2019-05-02,1.1242,1.1245,00:20:23.154000,127392973,1223154
EUR/USD,2019-05-02,1.1242,1.1247,00:19:54.236000,127392974,1194236
EUR/USD,2019-05-02,1.1243,1.1245,00:19:55.343000,127392975,1195343
EUR/USD,2019-05-02,1.1241,1.1246,00:20:26.754000,127392976,1226754
EUR/USD,2019-05-02,1.1241,1.1246,00:19:57.088000,127392977,1197088
EUR/USD,2019-05-02,1.1242,1.1246,00:20:12.787000,127392978,1212787
EUR/USD,2019-05-02,1.1241,1.1245,00:20:25.122000,127392979,1225122
EUR/USD,2019-05-02,1.1242,1.1246,00:20:08.752000,127392980,1208752
EUR/USD,2019-05-02,1.1242,1.1244,00:20:13.942000,127392981,1213942
EUR/USD,2019-05-02,1.1242,1.1244,00:20:04.248000,127392982,1204248
EUR/USD,2019-05-02,1.124,1.1245,00:20:09.635000,127392983,1209635
EUR/USD,2019-05-02,1.1243,1.1244,00:20:24.158000,127392984,1224158
EUR/USD,2019-05-02,1.1241,1.1246,00:19:55.953000,127392985,1195953
EUR/USD,2019-05-02,1.124,1.1245,00:20:08.575000,127392986,1208575
EUR/USD,2019-05-02,1.1242,1.1246,00:20:02.751000,127392987,1202751
EUR/USD,2019-05-02,1.1241,1.1246,00:19:58.245000,127392988,1198245
EUR/USD,2019-05-02,1.1242,1.1247,00:20:27.729000,127392989,1227729
EUR/USD,2019-05-02,1.1241,1.1245,00:20:28.810000,127392990,1228810
EUR/USD,2019-05-02,1.1244,1.1245,00:20:12.596000,127392991,1212596
EUR/USD,2019-05-02,1.1241,1.1246,00:20:16.764000,127392992,1216764
EUR/USD,2019-05-02,1.1242,1.1244,00:19:54.038000,127392993,1194038
EUR/USD,2019-05-02,1.1242,1.1247,00:20:02.668000,127392994,1202668
EUR/USD,2019-05-02,1.1241,1.1246,00:20:18.477000,127392995,1218477
EUR/USD,2019-05-02,1.1241,1.1246,00:20:17.317000,127392996,1217317
EUR/USD,2019-05-02,1.1242,1.1246,00:20:07.837000,127392997,1207837
EUR/USD,2019-05-02,1.1242,1.1247,00:20:10.263000,127392998,1210263
EUR/USD,2019-05-02,1.1243,1.1244,00:20:00.384000,127392999,1200384
EUR/USD,2019-05-02,1.1241,1.1246,00:20:00.227000,127393000,1200227
EUR/USD,2019-05-02,1.1241,1.1246,00:20:19.516000,127393001,1219516
EUR/USD,2019-05-02,1.1241,1.1245,00:20:30.767000,127393002,1230767
EUR/USD,2019-05-02,1.1241,1.1245,00:20:30.847000,127393003,1230847
EUR/USD,2019-05-02,1.1241,1.1245,00:20:34.823000,127393004,1234823
EUR/USD,2019-05-02,1.1243,1.1244,00:20:30.564000,127393005,1230564
EUR/USD,2019-05-02,1.1241,1.1245,00:20:29.801000,127393006,1229801
EUR/USD,2019-05-02,1.1241,1.1245,00:20:35.932000,127393007,1235932
EUR/USD,2019-05-02,1.1242,1.1243,00:20:40.001000,127393008,1240001
EUR/USD,2019-05-02,1.1243,1.1248,00:20:47.022000,127393009,1247022
EUR/USD,2019-05-02,1.1242,1.1247,00:20:41.927000,127393010,1241927
EUR/USD,2019-05-02,1.1242,1.1247,00:20:47.830000,127393011,1247830
EUR/USD,2019-05-02,1.1244,1.1245,00:20:44.444000,127393012,1244444
EUR/USD,2019-05-02,1.1242,1.1243,00:20:39.658000,127393013,1239658
EUR/USD,2019-05-02,1.1242,1.1247,00:20:44.764000,127393014,1244764
EUR/USD,2019-05-02,1.1243,1.1248,00:20:45.799000,127393015,1245799
EUR/USD,2019-05-02,1.1242,1.1247,00:20:42.719000,127393016,1242719
EUR/USD,2019-05-02,1.1242,1.1243,00:20:41.767000,127393017,1241767
EUR/USD,2019-05-02,1.1242,1.1247,00:20:43.690000,127393018,1243690
EUR/USD,2019-05-02,1.1242,1.1247,00:20:48.749000,127393019,1248749
EUR/USD,2019-05-02,1.1243,1.1244,00:20:58.284000,127393020,1258284
EUR/USD,2019-05-02,1.1241,1.1246,00:20:58.081000,127393021,1258081
EUR/USD,2019-05-02,1.1241,1.1245,00:20:57.116000,127393022,1257116
EUR/USD,2019-05-02,1.1241,1.1245,00:20:56.113000,127393023,1256113
EUR/USD,2019-05-02,1.1243,1.1244,00:21:00.335000,127393024,1260335
EUR/USD,2019-05-02,1.1241,1.1245,00:20:59.115000,127393025,1259115
EUR/USD,2019-05-02,1.1243,1.1244,00:21:00.367000,127393026,1260367
EUR/USD,2019-05-02,1.1241,1.1246,00:20:57.048000,127393027,1257048
EUR/USD,2019-05-02,1.1241,1.1245,00:20:59.766000,127393028,1259766
EUR/USD,2019-05-02,1.1242,1.1247,00:20:49.958000,127393029,1249958
EUR/USD,2019-05-02,1.1243,1.1244,00:20:56.441000,127393030,1256441
EUR/USD,2019-05-02,1.1241,1.1246,00:21:05.168000,127393031,1265168
EUR/USD,2019-05-02,1.1241,1.1246,00:21:06.239000,127393032,1266239
EUR/USD,2019-05-02,1.1241,1.1246,00:21:05.764000,127393033,1265764
EUR/USD,2019-05-02,1.1241,1.1243,00:21:04.942000,127393034,1264942
EUR/USD,2019-05-02,1.1241,1.1245,00:21:02.120000,127393035,1262120
EUR/USD,2019-05-02,1.1241,1.1245,00:21:01.140000,127393036,1261140
EUR/USD,2019-05-02,1.124,1.1245,00:21:02.317000,127393037,1262317
EUR/USD,2019-05-02,1.1241,1.1245,00:21:03.131000,127393038,1263131
EUR/USD,2019-05-02,1.1241,1.1244,00:21:01.396000,127393039,1261396
EUR/USD,2019-05-02,1.1242,1.1244,00:21:14.374000,127393040,1274374
EUR/USD,2019-05-02,1.1242,1.1245,00:21:20.996000,127393041,1280996
EUR/USD,2019-05-02,1.1241,1.1243,00:21:16.061000,127393042,1276061
EUR/USD,2019-05-02,1.124,1.1245,00:21:14.464000,127393043,1274464
EUR/USD,2019-05-02,1.1242,1.1247,00:21:20.519000,127393044,1280519
EUR/USD,2019-05-02,1.1243,1.1244,00:21:18.684000,127393045,1278684
EUR/USD,2019-05-02,1.1241,1.1246,00:21:21.430000,127393046,1281430
EUR/USD,2019-05-02,1.1241,1.1246,00:21:18.437000,127393047,1278437
EUR/USD,2019-05-02,1.1242,1.1246,00:21:14.143000,127393048,1274143
EUR/USD,2019-05-02,1.1241,1.1245,00:21:13.143000,127393049,1273143
EUR/USD,2019-05-02,1.1241,1.1243,00:21:16.768000,127393050,1276768
EUR/USD,2019-05-02,1.1241,1.1246,00:21:17.531000,127393051,1277531
EUR/USD,2019-05-02,1.124,1.1245,00:21:15.329000,127393052,1275329
EUR/USD,2019-05-02,1.1243,1.1244,00:21:30.196000,127393053,1290196
EUR/USD,2019-05-02,1.124,1.1245,00:21:26.535000,127393054,1286535
EUR/USD,2019-05-02,1.1241,1.1245,00:21:23.767000,127393055,1283767
EUR/USD,2019-05-02,1.1243,1.1244,00:21:23.140000,127393056,1283140
EUR/USD,2019-05-02,1.124,1.1245,00:21:25.553000,127393057,1285553
EUR/USD,2019-05-02,1.1243,1.1244,00:21:30.594000,127393058,1290594
EUR/USD,2019-05-02,1.1242,1.1243,00:21:25.949000,127393059,1285949
EUR/USD,2019-05-02,1.124,1.1245,00:21:30.759000,127393060,1290759
EUR/USD,2019-05-02,1.1241,1.1246,00:21:22.383000,127393061,1282383
EUR/USD,2019-05-02,1.1243,1.1244,00:21:40.769000,127393062,1300769
EUR/USD,2019-05-02,1.124,1.1245,00:21:37.572000,127393063,1297572
EUR/USD,2019-05-02,1.1241,1.1246,00:21:40.599000,127393064,1300599
EUR/USD,2019-05-02,1.1242,1.1246,00:21:34.163000,127393065,1294163
EUR/USD,2019-05-02,1.1241,1.1246,00:21:39.602000,127393066,1299602
EUR/USD,2019-05-02,1.1242,1.1246,00:21:33.953000,127393067,1293953
EUR/USD,2019-05-02,1.1241,1.1246,00:21:35.639000,127393068,1295639
EUR/USD,2019-05-02,1.124,1.1245,00:21:37.522000,127393069,1297522
EUR/USD,2019-05-02,1.1244,1.1245,00:21:35.623000,127393070,1295623
EUR/USD,2019-05-02,1.1243,1.1244,00:21:38.441000,127393071,1298441
EUR/USD,2019-05-02,1.1243,1.1244,00:21:40.530000,127393072,1300530
EUR/USD,2019-05-02,1.1242,1.1246,00:21:34.767000,127393073,1294767
EUR/USD,2019-05-02,1.1242,1.1247,00:21:41.673000,127393074,1301673
EUR/USD,2019-05-02,1.124,1.1245,00:21:36.552000,127393075,1296552
EUR/USD,2019-05-02,1.1241,1.1246,00:21:36.504000,127393076,1296504
EUR/USD,2019-05-02,1.1242,1.1246,00:21:52.174000,127393077,1312174
EUR/USD,2019-05-02,1.124,1.1245,00:21:44.759000,127393078,1304759
EUR/USD,2019-05-02,1.1243,1.1244,00:21:50.585000,127393079,1310585
EUR/USD,2019-05-02,1.1242,1.1247,00:21:51.965000,127393080,1311965
EUR/USD,2019-05-02,1.1242,1.1246,00:21:43.179000,127393081,1303179
EUR/USD,2019-05-02,1.1241,1.1246,00:21:42.643000,127393082,1302643
EUR/USD,2019-05-02,1.1241,1.1246,00:21:45.835000,127393083,1305835
EUR/USD,2019-05-02,1.1241,1.1246,00:21:48.765000,127393084,1308765
EUR/USD,2019-05-02,1.124,1.1245,00:21:43.688000,127393085,1303688
EUR/USD,2019-05-02,1.1244,1.1245,00:21:45.747000,127393086,1305747
EUR/USD,2019-05-02,1.1241,1.1246,00:21:46.746000,127393087,1306746
EUR/USD,2019-05-02,1.1242,1.1246,00:21:56.328000,127393088,1316328
EUR/USD,2019-05-02,1.1244,1.1245,00:21:55.466000,127393089,1315466
EUR/USD,2019-05-02,1.1243,1.1244,00:22:00.802000,127393090,1320802
EUR/USD,2019-05-02,1.1243,1.1244,00:22:00.510000,127393091,1320510
EUR/USD,2019-05-02,1.1242,1.1246,00:21:53.189000,127393092,1313189
EUR/USD,2019-05-02,1.1243,1.1244,00:22:01.700000,127393093,1321700
